2285 2900
1091 148 1128 179 41

158 258 412 293 servaverunt,
456 256 495 283 ut
529 249 644 295 longe
682 244 843 294 plurimis
875 246 967 283 locis
999 247 1194 283 infinitivus
1232 246 1337 282 futuri
1375 256 1566 294 sequatur.
1631 246 1725 283 Nihil
1760 256 1816 284 est
1847 247 1958 296 igitur
1989 258 2063 295 quo

154 327 244 368 post
270 321 391 371 μέλλω
415 316 525 354 futuri
551 324 589 352 et
615 316 827 364 praesentis
856 316 933 352 sive
953 316 1082 353 aoristi
1109 315 1270 352 infinitivi
1299 315 1480 355 differant.
1509 315 1575 351 nisi
1606 315 1707 364 quod
1738 316 1894 352 futurum
1923 324 1961 351 et
1985 329 2062 352 rem

155 389 349 425 durantem
376 396 414 424 et
442 386 629 422 actionem
659 386 835 422 momenti
863 387 984 434 spatio
1023 386 1333 434 circumscriptam
1370 386 1536 422 indicare
1570 395 1715 433 potest3
1750 400 1834 423 nam
1861 385 1963 434 ἄρξω
1990 398 2062 422 non

135 452 266 496 ‘modo
294 456 489 506 significat:
530 469 597 493 rex
624 468 702 499 ero,
744 455 813 492 sed
841 455 974 492 etiam:
1020 468 1175 505 regnum
1218 468 1408 504 assequar.
1468 454 1591 502 Quam
1632 455 1681 492 ob
1725 469 1873 493 causam
1904 454 2061 492 futurum

155 537 193 565 et
220 527 345 565 aoristi
375 535 414 562 et
440 525 650 574 praesentis
678 525 855 572 temporis
882 525 967 560 vice
1004 525 1172 573 fungitur,
1208 538 1361 573 quorum
1408 533 1601 573 utrumque
1630 526 1687 561 uni
1717 535 1842 562 certae
1872 525 2057 576 significa-

157 598 246 635 tioni
274 596 462 634 astrictum
492 603 559 631 est.
620 593 762 630 Aoristi
795 607 904 629 unum
937 594 1040 642 apud
1077 594 1305 642 Aeschylum
1338 593 1474 642 legitur
1510 596 1718 643 exemplum
1752 596 1806 631 Pr.
1843 599 1889 632 62
1898 607 1916 642 5
1952 596 2059 643 μήτοι

152 682 197 716 με
222 666 365 717 κρύψῃς
393 663 494 702 τοῦθ’
523 661 610 712 ὅπερ
637 665 757 711 μέλλω
790 665 931 699 παθεῖν.
991 663 1200 700 Praesentis
1237 665 1328 700 duo:
1369 663 1497 712 Suppl.
1539 665 1647 711 1058.
1683 664 1757 714 Ag.
1790 675 1876 711 974.
1934 665 2057 701 Futuri

152 736 315 784 denique
343 742 537 783 quattuor:
568 734 624 769 Pr.
656 734 741 778 638.
789 733 877 778 835.
914 732 1008 769 Cho.
1046 734 1133 769 668.
1172 734 1258 769 861.
1322 733 1466 769 Eadem
1497 734 1606 782 igitur
1638 735 1732 770 inter
1764 734 1856 770 illius
1884 736 2058 771 vocabuli

129 798 326 854 ‘tempora
363 803 572 841 intercessit
605 802 698 839 ratio
737 816 835 851 quae
870 801 971 851 apud
1007 802 1097 839 alios
1136 815 1283 853 quoque
1320 803 1519 851 scriptores
1560 811 1597 840 et
1625 803 1659 840 in
1693 803 1860 841 oratione
1888 804 2057 853 pedestri

150 874 258 911 nobis
285 873 447 915 offertur,
477 872 577 908 velut
604 885 651 908 ex
679 871 903 918 Thucydide
940 871 1133 907 infinitivos
1162 872 1264 907 futuri
1297 882 1355 917 77,
1379 873 1589 920 praesentis
1621 875 1679 918 36,
1708 873 1834 909 aoristi
1856 885 1879 918 4
1909 886 2055 909 enume—

148 945 242 981 ravit
269 944 509 980 Forssmann.

310 1012 517 1048 Cunctandi
545 1011 646 1047 notio
674 1011 703 1046 si
732 1011 816 1046 huic
852 1011 969 1047 verbo
1005 1011 1174 1047 subiecta
1212 1019 1269 1047 est
1305 1012 1513 1059 praesentis
1542 1012 1737 1048 infinitivus
1767 1013 1917 1060 adiungi
1945 1015 2053 1055 solet,

149 1096 258 1132 quem
292 1082 475 1118 habemus
511 1082 565 1117 Pr.
599 1084 673 1126 627
712 1084 748 1116 τί
780 1082 870 1127 ὸῆτα
902 1082 1044 1127 μέλλεις
1075 1081 1123 1127 μὴ
1160 1080 1202 1115 013
1236 1085 1467 1128 γεγωνίσκειν
1501 1082 1541 1117 τὸ
1579 1085 1669 1127 ndvg
1710 1082 1856 1118 Ceteris
1892 1083 1986 1118 enim
2022 1083 2056 1118 in

147 1153 280 1201 quibus
307 1153 427 1198 μέλλω
456 1151 614 1187 occurrit
645 1149 739 1185 locis
768 1149 958 1186 infinitivus
987 1151 1144 1186 omissus
1174 1160 1247 1187 est:
1283 1152 1337 1186 Pr.
1368 1154 1427 1196 36.
1470 1151 1574 1198 Sept.
1612 1152 1671 1197 98.
1715 1152 1816 1187 Pers.
1846 1163 1935 1198 407.
1981 1152 2055 1200 Ag.

153 1233 239 1267 290.
270 1221 357 1267 908.
395 1231 505 1267 1353.

312 1290 387 1326 Iam
434 1302 526 1325 unus
578 1288 681 1325 locus
718 1289 1052 1337 depravatissimus
1092 1289 1195 1325 nobis
1232 1289 1384 1325 traditus
1426 1298 1543 1326 restat
1585 1289 1680 1326 Cho.
1722 1300 1811 1335 417.
1881 1290 1918 1326 In
1959 1290 2057 1326 libris

148 1359 245 1396 enim
273 1358 450 1407 scriptum
481 1358 666 1406 reperies:
697 1355 748 1393 ὅτ)
775 1356 821 1394 ἂν
850 1357 879 1393 δ’
910 1354 988 1394 αὖτ’
1022 1359 1170 1400 ἐπαλκὲς
1194 1357 1198 1409 J
1224 1360 1538 1406 θραρεαπέστασει·
1575 1357 1660 1405 ἄχος
1685 1358 1689 1409 Ι
1715 1358 1805 1406 πρὸς
1848 1358 1889 1394 τὸ
1932 1366 2056 1404 φανεῖ-

148 1432 235 1465 σθαί
259 1442 320 1475 μοι
353 1431 481 1470 καλῶς.
539 1427 644 1473 Quos
680 1441 809 1463 versus
839 1429 1062 1475 desperatos
1085 1428 1315 1463 Hermannus
1350 1428 1400 1463 ita
1432 1428 1604 1471 restituit,
1640 1437 1678 1464 ut
1712 1428 1935 1464 sententiam
1968 1428 2056 1464 satis

148 1508 273 1548 aptam
301 1507 341 1535 et
374 1498 547 1535 idoneam
582 1497 806 1546 praebeant:
846 1495 934 1534 ὅταν
968 1493 1077 1533 ὁάὖτ’
1110 1498 1256 1540 ἐπαλκὲς
1289 1494 1377 1546 ἦτορ
1413 1500 1540 1545 θαρσῇ,
1564 1496 1757 1534 ’πέστασεν
1785 1496 1872 1544 ἅχω,ι
1899 1497 1989 1546 πρὸς
2016 1498 2057 1534 τὸ

146 1577 278 1615 φανεῖν
321 1571 357 1604 τί
396 1582 457 1615 μοι
498 1571 626 1610 καλῶς,
669 1580 767 1615 quae
812 1567 930 1603 verba
959 1567 1125 1603 versibus
1167 1575 1400 1616 opponuntur
1436 1567 1758 1612 antecedentibus,
1788 1568 1921 1616 quibus
1950 1568 2056 1604 animi

147 1638 382 1676 affectionum
411 1637 575 1682 duarum,
598 1638 697 1673 inter
725 1651 823 1685 quas
845 1637 978 1673 chorus
1001 1637 1153 1673 fluctuet
1178 1637 1295 1673 altera
1323 1637 1552 1674 describitur.
1611 1637 1845 1674 Scholiastae
1875 1637 2056 1674 habemus

148 1706 466 1756 explanationem:
496 1705 584 1754 πρὸς
612 1706 653 1740 τὸ
680 1706 769 1741 καλά
797 1720 858 1752 μοι
892 1707 1040 1741 ἐννοεῖν.
1109 1705 1191 1741 Hoc
1225 1707 1311 1741 loco
1346 1707 1475 1741 mirum
1510 1706 1647 1754 aliquid
1682 1707 1717 1741 in
1744 1706 1848 1741 futuri
1883 1706 2056 1741 infinitivo

147 1776 270 1813 inesse
314 1788 422 1812 nemo
465 1775 533 1811 erit
570 1775 630 1822 qui
672 1783 799 1822 neget,
840 1787 951 1822 quum
987 1773 1145 1822 simplex
1178 1775 1238 1822 qui
1269 1783 1425 1812 vocatur
1458 1776 1648 1812 infinitivus
1688 1776 1845 1811 subesse
1875 1775 2055 1817 videatur,

147 1846 208 1895 qui
237 1854 448 1893 temporum
478 1843 724 1879 differentiam
752 1856 825 1879 non
854 1844 1034 1880 admittat.
1085 1843 1194 1890 Quae
1215 1843 1412 1881 difficultas
1442 1858 1489 1880 ne
1517 1853 1590 1880 tum
1619 1845 1768 1892 quidem
1798 1843 1944 1885 tollitur,
1972 1857 2055 1880 cum

147 1915 240 1962 sicut
281 1914 366 1950 fecit
408 1912 620 1949 Dindorfius
662 1926 852 1949 servamus
895 1913 1114 1960 scripturam
1156 1916 1351 1958 φανεῖσθαί
1391 1929 1451 1960 μοι
1494 1918 1622 1956 καλῶς.
1680 1914 1758 1950 Sed
1797 1912 1914 1949 semel
1942 1922 2055 1962 atque

146 1983 277 2019 iterum
304 1995 453 2018 versum
482 1980 689 2030 perlegenti
718 1988 756 2017 et
783 1981 844 2029 qui
872 1981 1060 2017 subiectus
1090 1994 1222 2017 sensus
1251 1982 1297 2017 sit
1325 1982 1573 2030 perpendenti
1595 1982 1675 2018 fore
1705 1982 1861 2017 arbitror
1889 1990 1927 2017 ut
1952 1982 2049 2017 bene

146 2053 270 2090 omnia
309 2052 373 2089 tibi
414 2051 632 2100 procedant.
691 2051 777 2087 Non
815 2059 872 2087 est
914 2051 1010 2088 enim
1052 2051 1385 2099 interpretandum:
1429 2052 1627 2100 aegritudo
1662 2052 1809 2088 desistit
1843 2051 1891 2088 ad
1919 2052 2056 2088 bonum

149 2129 329 2163 eventum,
358 2120 427 2156 sed
458 2121 591 2168 potius,
622 2120 722 2167 quod
751 2120 952 2155 scholiasta
977 2132 1129 2167 quoque
1159 2121 1264 2156 dicit:
1301 2121 1349 2156 ad
1383 2134 1489 2168 spem
1519 2122 1607 2156 boni
1635 2130 1799 2156 eventus.
1857 2121 1951 2155 Nam
1979 2121 2054 2156 hoc

147 2191 372 2229 enuntiatum
399 2190 509 2240 plane
537 2189 635 2226 idem
663 2190 761 2225 valet
799 2190 899 2237 quod
931 2189 987 2225 his
1017 2188 1240 2237 significatur
1273 2189 1415 2226 verbis:
1447 2190 1536 2238 πρὸς
1570 2193 1679 2226 τοῦτο
1707 2188 1758 2240 (h.
1789 2203 1822 2226 e.
1851 2189 1941 2237 πρὸς
1970 2189 2057 2225 ταύ-

148 2274 217 2307 την
244 2259 313 2306 τὴν
341 2258 492 2309 ἐλπίδα),
521 2256 576 2293 ὅτι,
616 2262 735 2300 καλῶς
775 2267 942 2303 φανεῖται
970 2257 1042 2307 (SC.
1071 2258 1236 2304 χρήματα
1278 2259 1355 2294 sive
1394 2259 1511 2308 τύχη).
1570 2259 1764 2294 Habemus
1796 2259 1909 2306 igitur
1946 2271 2056 2294 accu-

148 2329 303 2367 sativum
346 2341 428 2365 cum
471 2327 642 2364 infinitivo
684 2327 753 2364 etsi
790 2326 954 2363 abditum
998 2326 1279 2375 quodammodo
1321 2336 1434 2376 atque
1470 2327 1714 2372 reconditum,
1747 2340 1821 2376 quo
1849 2327 2059 2364 continetur

147 2399 332 2435 sententia
359 2398 544 2434 adiectivo
574 2397 742 2439 δύσελπις
770 2411 805 2433 v.
838 2408 912 2442 413
942 2397 1137 2432 contraria.
1196 2397 1433 2444 Quamquam
1458 2396 1582 2444 paullo
1611 2398 1789 2433 rariorem
1818 2405 1930 2445 atque
1961 2398 2055 2433 inso-

146 2467 341 2505 lentiorem
375 2480 487 2504 nemo
522 2466 675 2514 negabit
712 2479 798 2503 esse
832 2466 927 2503 hanc
972 2466 1294 2503 constructionem.
1352 2466 1486 2515 Neque
1531 2466 1630 2503 enim
1672 2467 1745 2503 alio
1782 2480 1941 2516 usquam
1969 2467 2055 2503 loco

146 2534 323 2573 infinitivo
364 2536 470 2571 futuri
507 2536 553 2570 ab
596 2535 787 2582 Aeschylo
829 2535 1002 2570 articulus
1047 2536 1286 2583 praepositus
1330 2544 1398 2579 est,v
1448 2536 1518 2571 sed
1551 2549 1733 2583 nusquam
1768 2536 1853 2572 alibi
1881 2537 2060 2583 temporis

146 2614 235 2656 post
262 2606 448 2643 articulum
477 2605 570 2642 ratio
598 2604 767 2643 habetur.

1805 2681 1820 2704 6
