2285 2900
962 609 1153 697 Caput
1197 610 1239 677 Ι.

447 759 531 826 De
580 759 778 827 forma
823 756 1115 825 infinitivi
1164 757 1324 844 apud
1371 756 1756 843 Aeschylum.

168 906 193 953 ξ
221 905 248 941 1.
279 904 393 954 Quae
421 905 517 941 olim
546 904 696 941 fuerint
723 904 909 941 infinitivi
940 902 1084 940 Graeci
1115 905 1267 940 formae
1295 902 1529 949 ostenditur,
1560 901 1791 949 praemissis
1820 903 1957 949 paucis
1984 905 2034 940 de

787 973 987 1021 Aeschylo
1016 971 1176 1008 Homeri
1203 972 1414 1008 imitatore.

359 1056 508 1094 Nobilis
535 1066 594 1094 est
622 1066 661 1094 et
690 1058 903 1094 celebratus
933 1056 1115 1093 Eustathii
1153 1055 1257 1092 locus
1293 1070 1314 1092 e
1353 1056 1621 1092 commentario
1660 1056 1695 1091 in
1732 1055 1883 1092 Iliadem
1913 1069 2063 1105 compo-

141 1127 212 1164 sito
254 1126 305 1176 (Il.
347 1130 391 1170 Ψ,
433 1125 542 1178 256),
581 1126 641 1163 ubi
679 1124 912 1174 Aeschylum
954 1125 1005 1162 ait
1044 1124 1181 1162 dixisse
1227 1124 1450 1174 tragoedias
1495 1138 1582 1162 suas
1624 1124 1739 1161 frusta
1775 1125 1940 1174 (τεμάχη)
1979 1139 2064 1163 esse

142 1210 358 1246 magnarum
402 1196 558 1232 Homeri
601 1197 801 1244 epularum.
865 1195 976 1242 Quae
1019 1196 1137 1232 verba
1179 1208 1335 1243 quoquo
1379 1196 1496 1231 modo
1538 1195 1839 1243 interpretamur,
1882 1195 1919 1231 id
1961 1206 2063 1233 certe

141 1267 376 1315 exploratum
405 1274 519 1314 atque
550 1273 719 1314 apertum
754 1274 832 1307 est,
867 1273 1043 1313 quantum
1078 1264 1223 1313 parenti
1258 1264 1303 1300 illi
1336 1263 1465 1312 poesis
1500 1264 1674 1301 Graecae
1704 1264 1864 1301 deberet
1894 1264 2061 1313 Aeschy—

141 1337 213 1373 lum
243 1348 368 1384 neque
399 1335 600 1385 ignorasse
629 1348 754 1383 neque
784 1325 1050 1372 dissimulasse.

358 1404 418 1441 Ac
454 1405 561 1442 nobis
598 1418 752 1454 quoque
787 1403 896 1442 facile
934 1413 994 1441 est
1030 1405 1079 1442 ad
1112 1405 1350 1441 scrutandum
1387 1412 1426 1441 et
1459 1402 1765 1453 intellegendum,
1806 1418 1917 1454 quam
1953 1406 2063 1442 multa

144 1487 190 1511 ex
219 1473 326 1524 largo
355 1474 510 1511 Homeri
539 1475 719 1511 thesauro
740 1475 1030 1524 deprompserit.
1090 1475 1224 1524 Neque
1253 1474 1352 1510 enim
1374 1475 1495 1510 solum
1524 1474 1585 1510 ubi
1607 1482 1780 1522 tempora
1808 1487 1908 1523 quae
1938 1474 2064 1511 dicunt

140 1545 293 1581 heroica
326 1544 505 1581 describit
546 1544 708 1593 vestigia
747 1544 826 1581 eius
858 1552 1007 1581 secutus
1040 1545 1148 1589 est¹‘)‚
1186 1543 1257 1582 sed
1302 1544 1412 1581 etiam
1448 1556 1592 1593 genere
1630 1543 1776 1580 dicendi
1817 1544 1937 1581 multis
1970 1544 2062 1580 locis

141 1628 225 1651 cum
255 1627 303 1651 eo
334 1614 531 1651 consentit.
591 1613 628 1650 In
657 1627 731 1663 qua
759 1614 906 1651 dicendi
933 1613 1167 1651 similitudine
1198 1614 1399 1651 referenda
1423 1622 1507 1650 sunt
1535 1613 1718 1662 permulta
1748 1614 1866 1651 verba
1898 1614 2060 1653 Homeri.

140 1684 274 1733 quibus
308 1683 519 1731 Aeschylus
553 1682 615 1720 vel
653 1682 756 1720 solus
792 1682 850 1720 vel
885 1683 1048 1720 omniurn
1076 1684 1383 1733 'frequentissime
1413 1697 1501 1720 usus
1532 1692 1610 1725 est;
1646 1683 1846 1727 referenda
1882 1692 1941 1720 est
1969 1684 2062 1720 ratio

139 1753 304 1789 similium
332 1761 372 1789 et
400 1752 695 1795 translationum,
735 1753 996 1801 epithetorum,
1034 1754 1317 1797 sententiarum3
1354 1753 1577 1789 referendae
1612 1753 1772 1801 denique
1806 1761 1891 1789 sunt
1919 1753 2060 1789 formae

137 1821 423 1871 grammaticae,
458 1820 562 1857 velut
605 1829 843 1869 augmentum
881 1822 915 1858 in
952 1822 1157 1859 nuntiorum
1206 1822 1477 1859 narrationibus
1511 1822 1720 1871 abjectum,
1765 1831 1803 1858 et
1835 1824 1947 1859 multa
1979 1822 2059 1864 alia,

138 1903 236 1939 quae
265 1903 287 1927 a
317 1890 461 1939 vulgari
492 1889 654 1927 dialecto
682 1890 811 1927 Attica
837 1903 991 1939 prorsus
1021 1890 1141 1928 aliena
1168 1899 1263 1928 sunt.

357 1959 477 1997 Etiam
509 1960 650 1997 formas
679 1959 856 1998 verbales
892 1961 1141 1999 abhorrentes
1174 1962 1223 1999 ab
1251 1961 1380 1999 Attica
1418 1962 1551 2011 lingua.
1582 1974 1629 1998 ex
1659 1974 1733 2010 qua
1762 1960 1955 1998 maximam
1983 1960 2057 2010 qui-

137 2029 225 2065 dem
260 2038 408 2078 partem
443 2030 670 2077 tragicorum
703 2042 827 2066 sermo
865 2031 1096 2078 compositus
1129 2030 1230 2078 est,²)
1268 2030 1465 2067 admittere
1499 2043 1572 2066 non
1610 2030 1806 2072 dubitavit,
1844 2038 1882 2065 ut
1915 2038 1989 2077 opt.
2016 2029 2057 2065 111

134 2100 224 2147 plur.
253 2099 287 2135 in
318 2113 437 2135 otato:
466 2102 651 2145 κτιζοίατο
681 2099 774 2136 Cho.
806 2101 894 2145 484.
924 2123 974 2127 --
1003 2100 1100 2137 med.
1129 2099 1221 2148 plur.
1243 2100 1310 2136 lin
1339 2102 1467 2147 μεσθα,
1486 2109 1526 2136 ut
1545 2099 1819 2145 βουλευόμεσθα
1847 2099 1938 2135 Cho.
1972 2109 2056 2144 720.

133 2167 207 2215 Ag.
242 2170 329 2213 846.
356 2191 406 2195 —-
447 2169 705 2217 ἐφαρξάμεσθα
739 2168 815 2216 Ag.
854 2170 943 2215 823.
971 2191 1021 2196 —
1059 2169 1328 2217 πειρασόμεσθα
1361 2169 1435 2218 Ag.
1466 2170 1553 2215 850.
1584 2191 1634 2195 —
1666 2168 1921 2214 πελαζόμεσθα
1947 2167 2055 2215 Sept.

139 2248 224 2283 144.
255 2259 301 2263 ——
335 2236 577 2285 ἠνειχόμεσθα
605 2237 677 2286 Ag.
710 2248 797 2284 905.
826 2260 876 2264 -—
905 2237 1028 2275 Ionica
1057 2238 1176 2274 forma
1204 2239 1347 2274 ἔσσεται
1377 2245 1500 2274 exstat
1533 2238 1633 2273 Pers.
1665 2249 1746 2272 121.
1776 2258 1825 2263 -κ
1857 2235 1941 2272 Uno
1970 2234 2055 2272 loco

131 2305 253 2342 habes
284 2305 385 2353 apud
406 2306 637 2353 Aeschylum
666 2308 746 2343 ἔσκε
773 2308 875 2343 Pers.
907 2309 997 2353 656,
1028 2320 1140 2355 quam
1166 2307 1321 2344 formam
1349 2307 1496 2355 epicam
1525 2329 1575 2333 —
1605 2306 1767 2353 Jonicam
1791 2306 1825 2341 in
1854 2304 2055 2352 Sophoclis

130 2380 170 2410 et
197 2372 384 2423 Euripidis
415 2373 547 2411 fabulis
577 2387 760 2424 nusquam
790 2374 1006 2411 invenimus.

273 2520 296 2558 ¹)
344 2516 390 2549 Cf.
430 2517 516 2548 Max.
544 2517 704 2553 Lechner‚
731 2518 772 2549 de
797 2516 953 2557 Aeschyli
978 2517 1089 2548 studio
1115 2517 1304 2548 Homerico.
1333 2515 1491 2558 Gymnas
1519 2516 1648 2557 Erlang.
1676 2525 1786 2557 progr.
1816 2516 1908 2548 1862.
1934 2534 1976 2538 -—
2002 2515 2053 2549 W.

347 2578 380 2610 5.
407 2577 533 2609 Teuffel
559 2578 590 2609 in
616 2577 766 2619 prolegg.
790 2578 833 2609 ad
857 2577 982 2610 Persas.
1008 2587 1038 2618 p.
1066 2585 1119 2609 22.
1144 2577 1195 2610 ed.
1223 2578 1259 2610 II.
1286 2578 1375 2619 Lips.
1408 2578 1501 2617 1875.

274 2637 299 2678 ²)
346 2637 396 2672 Ct.
422 2636 561 2670 Godofr.
587 2637 815 2669 Hermannum
839 2637 871 2669 in
895 2636 970 2669 Eur.
999 2637 1118 2670 Bacch.
1143 2638 1242 2679 praef.
1269 2638 1340 2671 VII.
