2285 2900
1113 206 1135 236 4

374 305 521 353 Quodsi
558 306 606 341 ad
646 305 805 342 infinitivi
848 305 1004 341 formam
1041 304 1278 353 respicimus,
1320 303 1553 351 Aeschylum
1593 304 1800 341 credideris
1846 304 2087 342 occasionem
2117 317 2121 321 ’

155 380 228 413 hac
257 389 408 424 quoque
439 383 547 422 parte
579 376 759 411 orationis
790 389 881 411 suae
912 375 1110 422 augendae
1141 374 1410 421 ornandaeque
1448 387 1521 410 non
1555 375 1858 421 praetermisisse
1895 383 1932 412 et
1966 375 2085 412 varie-

155 455 279 487 tatem,
311 458 408 493 quae
440 445 474 480 in
503 444 564 480 illo
594 445 790 481 formando
819 445 853 480 in
883 444 1038 480 Homeri
1067 443 1286 480 carminibus
1325 442 1560 492 conspicitur,
1591 443 1625 480 in
1655 443 1822 481 diverbia
1850 452 1913 481 aut
1942 444 2088 481 cantica

155 515 437 563 tragoediarum
467 514 603 561 cupide
634 522 672 549 et
699 513 859 550 libenter
888 514 1128 551 transtulisse.
1159 514 1209 548 uti
1231 512 1435 553 Pindarum,
1465 512 1647 560 Aeschyli
1678 515 1889 561 aequalem,
1921 499 2086 561 quicum

154 585 236 632 ipse
267 596 418 632 quoque
448 595 623 630 magnam
653 583 824 619 dictionis
853 591 997 631 partem
1027 596 1073 618 ex
1102 582 1284 618 Homero
1306 590 1471 617 sumeret
1508 594 1786 629 saepenumero
1816 583 1987 631 antiquas
2015 583 2087 619 infi-

156 654 255 690 nitivi
295 653 432 688 formas
468 652 653 688 adhibuit:
699 654 847 698 ἔμμεναι
889 651 992 699 Pyth.
1023 663 1063 696 4,
1096 654 1155 687 60.
1188 673 1231 676 ——
1260 653 1503 702 βασιλευέμεν
1539 651 1627 687 ibid.
1670 663 1757 698 295.
1797 675 1846 679 —-
1881 652 2087 701 ἀπορηγνύ-

155 738 262 770 μεναι
291 722 377 759 ibid.
406 733 496 769 354.

375 790 454 828 Sed
489 791 559 827 hae
596 791 630 826 in
666 799 773 839 parte
812 799 982 826 veterum
1022 798 1220 837 poetarum
1250 790 1391 825 ratione
1421 789 1603 825 derelicta
1634 790 1846 838 Aeschylus
1877 792 2001 840 populi
2032 793 2085 828 sui

156 862 470 898 consuetudinem
498 860 588 896 mire
619 860 784 896 servavit
814 868 851 895 et
880 859 1032 895 retinuit.

376 930 491 977 Apud
525 928 731 965 Homerum
770 935 902 970 totam,
939 936 976 962 ut
1012 927 1128 962 verbo
1165 934 1258 965 utar.
1293 927 1487 963 historiam
1523 927 1685 963 infinitivi
1714 928 1853 965 Graeci
1882 930 2086 978 invenimus

156 1000 205 1035 ab
234 999 427 1048 orginibus
456 996 677 1045 perductam
713 997 761 1031 ad
797 996 1014 1044 posterioris
1051 995 1185 1031 aetatis
1224 995 1381 1038 formas,
1421 1009 1518 1043 quae
1557 1005 1759 1044 tantopere
1797 981 2086 1045 degenerarunt,

155 1077 195 1104 ut
225 1082 322 1116 quae
355 1066 442 1104 olim
473 1067 606 1103 fuerint
635 1066 697 1101 vix
726 1065 917 1101 diiudicari
945 1064 1075 1112 possit.

376 1136 466 1173 Tria
495 1144 621 1172 autem
649 1134 780 1171 suffixa
807 1133 964 1170 infinitivi
994 1132 1187 1169 Homerici
1218 1134 1435 1182 plerumque
1466 1133 1724 1185 statuuntur³):

376 1208 412 1254 a)
445 1220 562 1252 μεναι,
591 1205 696 1252 qnod
715 1205 749 1240 in
768 1204 934 1240 omnibus
956 1203 1066 1238 activi
1089 1204 1318 1251 temporibus
1339 1202 1481 1239 aoristo
1510 1204 1571 1251 qui
1600 1204 1732 1240 dicitur
1761 1205 1881 1253 primo
1910 1216 2085 1256 exceptO,

155 1278 321 1324 itemque
358 1276 392 1311 in
428 1274 574 1311 aoristis
606 1273 742 1322 passivi
780 1280 981 1320 usurpatur.
1042 1272 1175 1309 Paucis
1209 1272 1243 1308 in
1283 1273 1409 1309 verbis
1457 1285 1538 1309 cum
1575 1286 1668 1322 pura
1711 1274 1839 1311 radice
1886 1274 2086 1319 coalescit,

155 1344 259 1381 velut
296 1345 332 1380 in
361 1345 518 1390 ἔδμεναι,
547 1344 706 1389 ἔμμεναι,
735 1345 861 1387 ἴμεναι.
919 1342 956 1377 In
985 1341 1212 1389 simplicibus
1246 1355 1338 1377 vero
1376 1343 1513 1385 verbis,
1546 1356 1703 1390 quorum
1731 1357 1857 1391 praes.
1889 1345 1963 1382 ind.
1991 1346 2026 1381 in
2056 1361 2087 1381 ω

157 1414 241 1456 exit,
274 1412 335 1448 illa
362 1412 573 1448 terminatio
602 1410 723 1447 littera
760 1410 959 1447 thematica
998 1426 1011 1445 ε,
1043 1423 1125 1446 cum
1160 1409 1287 1447 radice
1324 1411 1571 1460 coniungitur.
1632 1411 1824 1461 Persaepe
1852 1412 2086 1462 diphthongo

155 1496 191 1518 αι
223 1482 371 1518 abiecta
402 1480 569 1516 oriuntur
598 1479 740 1516 formae
768 1480 936 1525 βαινέμεν
964 1487 1034 1515 etc.

376 1549 487 1585 Hanc
517 1557 642 1585 tamen
673 1548 894 1584 sententiam
923 1547 1066 1584 silentio
1096 1548 1303 1596 praeterire
1336 1561 1409 1584 non
1449 1561 1603 1596 possum
1633 1562 1705 1585 non
1734 1550 1808 1585 iam
1838 1550 1886 1586 ab
1915 1551 2086 1591 omnibus

155 1620 243 1657 viris
274 1619 396 1656 doctis
427 1617 589 1667 probari,
620 1630 693 1665 qua
721 1616 768 1653 de
797 1630 837 1653 re
869 1617 1039 1654 conferas
1076 1617 1289 1664 (‚·urtium⁴):
1325 1639 1373 1643 -—
1417 1630 1482 1653 »es
1512 1618 1559 1653 ist
1587 1618 1654 1654 mir
1677 1618 1775 1667 jetzt
1803 1618 1890 1656 sehr
1917 1619 2084 1656 bedenk-

155 1688 244 1731 lich,
282 1701 350 1734 μεν
386 1682 453 1722 auf
482 1700 589 1732 μεναι
628 1685 962 1727 zuriickzufiihren,
1000 1686 1072 1721 und
1108 1686 1253 1721 scheint
1291 1699 1333 1721 es
1371 1688 1439 1721 mir
1475 1687 1843 1730 wahrscheinlicher‚
1881 1702 1970 1725 was.
1992 1690 2085 1726 auch

155 1758 274 1795 sehon
302 1770 377 1795 von
405 1756 587 1793 Anderen
617 1754 824 1791 vermuthet
851 1754 906 1799 ist,
938 1755 1027 1791 dass
1055 1769 1122 1802 μεν
1150 1754 1208 1791 ein
1234 1753 1383 1791 blosses
1413 1769 1422 1790 ι
1452 1754 1671 1803 eingebiisst
1701 1758 1785 1794 hat«
1822 1756 1942 1805 (sicuti
1971 1759 2010 1793 ἐν
2039 1745 2104 1795 «ἐκΔ

156 1830 219 1868 ἔνι,
247 1827 362 1864 dativi
389 1828 424 1863 in
454 1841 517 1869 οις,
547 1841 604 1869 αις
634 1840 681 1862 ex
711 1839 790 1868 οισι,
819 1840 892 1862 αισι
922 1828 1040 1863 exorti
1070 1830 1179 1875 sunt).

375 1897 432 1932 Ex
463 1895 534 1932 hac
571 1895 710 1932 deinde
744 1895 859 1932 forma
891 1904 1013 1933 natum
1049 1905 1108 1933 est
1144 1896 1229 1932 illud
1269 1910 1332 1938 ειν,
1361 1897 1467 1945 quod
1501 1897 1572 1933 iam
1601 1897 1702 1945 apud
1736 1896 1943 1932 Homerum
1971 1895 2085 1946 longe

155 1966 434 2003 usitatissimum
463 1973 531 2000 est.
591 1964 700 2000 Hunc
732 1964 881 2012 quidem
917 1965 951 2000 in
979 1965 1126 2001 modum
1162 1965 1268 2001 huius
1297 1965 1414 2001 suffixi
1452 1966 1634 2014 originem
1663 1966 1851 2013 explicant
1881 1967 1922 2002 L.
1953 1966 2086 2013 Meyer

154 2038 175 2073 1.
207 2037 226 2072 l.
258 2044 298 2072 et
332 2033 649 2083 »vergleichende
679 2032 909 2069 Grammatik
939 2033 976 2074 ΙΙ,
1011 2036 1097 2076 281;
1127 2034 1289 2076 K'uhner,
1319 2033 1566 2071 ausffihrliche
1597 2034 1830 2071 Grammatik
1866 2046 1893 2077 1,
1925 2045 2013 2081 553.

375 2103 557 2139 Attamen
593 2101 705 2138 etiam
738 2101 833 2138 haec
871 2103 1055 2138 sententia
1091 2103 1176 2139 olim
1216 2104 1386 2140 omnibus
1415 2104 1576 2152 probata
1605 2105 1719 2140 hodie
1749 2103 1933 2141 nonnullis
1961 2117 2083 2153 gram-

154 2175 303 2211 maticis
333 2171 520 2220 displicet,
549 2170 661 2207 veluti
693 2170 822 2207 Curtio
852 2171 1021 2207 redeunti
1056 2172 1090 2207 in
1125 2184 1206 2208 σανι
1240 2172 1419 2215 suffixum,
1454 2174 1555 2210 cuius
1584 2172 1732 2210 litterae
1762 2187 1782 2209 σ
1812 2182 1850 2210 et
1878 2188 1889 2209 ι
1917 2182 2087 2210 remotae

155 2244 233 2281 sint.
279 2242 374 2279 Tum
411 2241 510 2277 hunc
544 2240 666 2276 habes
704 2252 962 2288 progressum:
999 2239 1177 2290 [λεγεσενι,
1210 2245 1372 2288 λεγεσεν,
1407 2241 1551 2292 λεγεε·ν],
1589 2244 1722 2289 λέγειν,
1764 2256 1838 2290 qua
1873 2242 2087 2279 deducendi

155 2313 298 2350 ratione
343 2312 434 2348 mira
478 2310 639 2346 nascitur
681 2309 880 2346 similitudo
923 2322 1004 2346 cum
1036 2310 1170 2346 Latino
1201 2309 1393 2347 infinitivo:
1430 2310 1561 2360 legere
1604 2320 1642 2348 et
1693 2311 1836 2361 aoristo
1890 2311 2086 2362 sigmatico

156 2382 330 2421 Graeco:
360 2379 528 2433 [λεγσανι,
556 2378 700 2430 hymel,
728 2380 835 2425 λέξαι.

303 2519 325 2559 3)
374 2518 415 2551 cs.
433 2517 505 2549 Leo
522 2518 648 2559 Meyer,
667 2519 725 2550 der
754 2518 896 2550 Infinitiv
924 2520 982 2551 der
1004 2520 1237 2552 homerischen
1256 2519 1411 2561 Sprache.
1465 2521 1526 2552 Ein
1544 2521 1675 2563 Beitrag
1701 2533 1739 2553 zu
1764 2523 1871 2554 seiner
1888 2522 2087 2555 Geschichte

373 2579 416 2609 im
443 2577 688 2609 Griechischen.
738 2579 823 2609 Diss.
852 2579 961 2620 inaug.
989 2580 1078 2611 Gott.
1104 2581 1196 2620 1856.

302 2638 326 2681 4)
374 2637 412 2670 G.
441 2637 581 2675 Curtius
618 2638 677 2669 das
710 2638 859 2670 Verbum
893 2639 951 2671 der
986 2638 1222 2672 Griechischen
1260 2640 1418 2682 Sprache,
1453 2641 1576 2673 seinem
1609 2642 1699 2674 Baue
1731 2642 1816 2674 nach
1840 2642 2040 2685 dargestellt.
2068 2651 2086 2674 2

375 2698 449 2732 voll‚
479 2699 572 2740 1873.
608 2699 701 2741 1876.
727 2699 790 2732 vol.
815 2700 843 2730 11
867 2711 899 2742 p.
931 2701 999 2732 106.
