2285 2900
1103 156 1118 191 5

364 261 488 296 Etiam
518 260 553 295 in
582 259 707 295 verbis
737 258 881 307 syllaba
909 274 949 306 ,ιιι
983 258 1191 295 finientibus
1228 258 1353 294 varias
1390 256 1470 294 illas
1506 257 1642 294 formas
1672 259 1891 307 reperimus:
1923 258 2077 305 ζευγνύ-

148 345 263 377 μεναι,
297 329 508 378 ζευγνύμεν,
547 328 750 376 ζευγνύναι.
816 328 963 365 Curtius
998 328 1150 376 quidem
1185 326 1204 362 l.
1235 326 1254 362 l.
1289 326 1317 362 II
1355 340 1389 375 p.
1424 340 1472 372 99
1515 329 1709 364 contendit
1743 329 1897 368 formas.
1943 328 2075 376 quales

150 399 221 435 sint
257 400 380 446 φάναι,
416 401 566 440 τιθέναι,
603 399 751 436 oasam,
784 398 970 433 δεικνύναι
1006 397 1171 433 dialecto
1212 397 1437 433 Homericae
1479 411 1600 445 aeque
1641 398 1849 447 incognitas
1893 412 1981 435 esse
2028 410 2073 434 ac

150 469 312 506 Doricae
343 477 382 505 et
411 468 603 505 Aeolicae.
662 469 709 504 Et
738 468 786 504 de
816 466 893 509 illis,
924 480 1018 515 quas
1049 466 1177 506 attulit.
1215 474 1322 503 recte
1353 466 1406 502 vir
1440 465 1578 502 doctus
1608 466 1796 511 iudicavit,
1834 468 2009 516 quoniam
2038 468 2074 503 hi

150 538 406 574 tantummodo
445 537 607 573 infinitivi
643 537 680 572 in
714 536 841 572 lexicis
876 536 1089 571 Homericis
1128 536 1382 582 proferuntur:
1413 536 1616 582 τιθήμεναι,
1650 537 1798 582 διδόμεν
1830 546 1868 573 et
1897 539 2075 573 ‹ininfirm-

150 606 299 652 φάσθαι,
334 606 437 643 verbi
472 595 634 653 δείκνυμι
670 604 868 641 infinitivus
907 605 1009 652 apud
1047 603 1145 640 illum
1182 613 1336 652 poetam
1378 604 1532 640 omnino
1561 617 1636 640 non
1664 605 1836 640 occurrit.
1900 605 1952 641 At
1981 619 2074 641 vero

151 675 267 712 forma
296 675 491 723 ζευγνύναι
517 676 553 711 in
581 674 681 710 libris
712 682 836 709 exstat
863 673 1011 721 iamque
1040 687 1062 708 a
1090 674 1133 709 L.
1163 674 1325 721 Meyero
1355 673 1466 709 allata
1495 683 1566 710 est.

368 755 475 790 Hanc
500 754 661 790 eandem
690 753 914 789 varietatem
948 752 984 789 in
1020 754 1146 791 verbis
1179 753 1381 791 contractis
1415 752 1632 789 invenimus:
1669 752 1877 800 οὐτάμεναι,
1907 752 2076 800 οὐτάμεν,

151 827 307 861 σιωπᾶν;
342 831 465 860 tamen
499 823 533 859 in
567 822 623 858 his
660 834 813 870 quoque
848 823 1059 859 usitatiores
1092 832 1174 860 sunt
1214 823 1358 859 formae
1402 822 1641 861 decurtatae,
1685 835 1783 870 quae
1823 831 1959 870 postea
1994 834 2076 859 sunt

150 893 289 928 unicae.
350 893 416 927 Est
444 892 540 927 enim
567 891 824 927 infinitivorum
857 893 1069 939 praesentis
1108 894 1206 940 apud
1241 893 1445 928 Homerum
1480 892 1573 928 ratio
1608 891 1722 928 haec:
1764 903 1833 938 152
1866 892 1963 928 obvii
1993 903 2074 929 sunt

150 961 186 996 in
212 975 275 1002 ειν,
307 962 356 1006 84
384 961 418 996 in
446 974 525 1007 μεν,
551 974 657 1006 μεναι
685 968 876 997 exeuntes.

371 1029 409 1065 In
444 1029 585 1065 aoristo
622 1029 704 1065 forti
738 1038 776 1065 et
810 1031 931 1065 futuro
967 1030 1128 1066 eaedem
1165 1030 1386 1066 mutationes
1419 1029 1696 1077 conspiciuntur
1731 1030 1896 1077 itemque
1930 1030 1967 1065 in
1994 1043 2074 1077 per-

151 1097 253 1134 fecto
297 1098 419 1139 activi,
463 1098 529 1133 nisi
573 1098 677 1145 quod
715 1098 821 1134 huius
863 1099 1072 1135 terminatio
1116 1114 1201 1139 εναι,
1243 1112 1340 1147 quae
1381 1107 1520 1146 postea
1562 1099 1597 1134 in
1634 1111 1739 1134 usum
1770 1098 1942 1146 recipitur
1975 1099 2073 1146 apud

151 1167 354 1205 Homerum
384 1168 544 1204 nondum
573 1176 708 1213 exstat,
743 1168 901 1217 perinde
931 1176 1043 1217 atque
1079 1168 1176 1217 apud
1205 1168 1350 1204 Aeolos
1384 1176 1423 1204 et
1451 1167 1673 1209 Dorienses,
1703 1167 1751 1203 de
1782 1180 1937 1215 quorum
1966 1166 2074 1203 infini-

150 1237 235 1274 tivis
263 1237 476 1274 accuratius
504 1238 686 1285 quaesivit
713 1238 916 1286 Meister5).

367 1306 410 1357 b)
440 1319 500 1342 σαι
536 1308 600 1354 (-
629 1307 679 1344 ad
712 1308 874 1344 eandem
907 1307 1071 1344 radicem
1109 1307 1348 1344 referendum
1383 1315 1442 1343 est
1470 1315 1584 1356 atque
1616 1306 1778 1343 infinitivi
1807 1307 1843 1342 in
1871 1307 1922 1345 se.
1952 1307 2015 1355 qui
2042 1306 2074 1342 in

151 1375 268 1411 sacris
310 1375 482 1411 Indorum
524 1374 624 1411 libris
666 1375 895 1412 inveniuntur
922 1375 1002 1426 —),
1045 1376 1208 1412 suffixum
1250 1377 1376 1412 aoristi
1418 1377 1523 1423 primi
1566 1376 1696 1419 activi,
1741 1376 1843 1424 quod
1886 1388 2072 1423 nunquam

150 1452 330 1480 mutatum
359 1453 417 1480 est
444 1444 489 1480 cf.
520 1444 683 1480 Curtium
711 1445 730 1480 l.
760 1444 781 1481 l.
812 1445 840 1480 II
867 1458 902 1492 p.
937 1448 1023 1490 264.

369 1512 407 1563 c)
435 1514 521 1548 σθαι
556 1513 761 1549 terminatio
795 1513 965 1550 omnibus
1008 1513 1116 1549 medii
1151 1513 1333 1550 infinitivis
1361 1512 1585 1556 communis,
1630 1526 1728 1561 quae
1774 1522 1812 1549 et
1853 1513 1937 1560 ipsa
1976 1513 2073 1549 hanc

151 1594 255 1617 suam
292 1581 447 1617 formam
482 1594 635 1629 semper
663 1582 840 1618 servavit.
899 1582 994 1618 Orta
1022 1590 1080 1618 est
1107 1595 1127 1618 e
1156 1582 1287 1618 suffixo
1316 1581 1490 1618 nominali
1520 1582 1588 1622 dhi,
1619 1595 1695 1617 non
1724 1596 1745 1618 e
1775 1582 1904 1618 radice
1933 1582 2073 1618 verbali

151 1651 232 1687 dha.
292 1651 431 1686 Littera
466 1663 496 1692 σ,
530 1663 626 1698 quae
661 1650 697 1686 in
733 1651 901 1687 omnibus
935 1651 1044 1688 medii
1078 1651 1260 1688 infinitivis
1293 1651 1517 1700 conspicitur
1554 1660 1592 1687 et
1620 1651 1679 1687 ubi
1709 1651 1821 1687 deest
1849 1664 1896 1687 ex
1924 1650 2072 1699 legibus

150 1731 323 1754 sonorum
359 1718 588 1755 Graecorum
622 1719 777 1760 excidit,
812 1732 832 1754 e
869 1720 996 1755 radice
1035 1732 1121 1755 »as«
1156 1721 1361 1756 derivanda
1390 1730 1460 1757 est.
1494 1733 1605 1766 quam
1638 1721 1860 1768 saepissime
1889 1722 1937 1756 ad
1969 1722 2075 1756 verbi

150 1789 291 1825 formas
318 1789 530 1837 gignendas
561 1788 760 1824 adhibitam
790 1802 877 1824 esse
908 1802 1019 1825 nemo
1049 1797 1108 1825 est
1135 1789 1222 1837 quin
1250 1789 1357 1826 sciat.
1417 1787 1616 1826 Peculiaris
1643 1789 1698 1826 vis
1727 1789 1881 1838 passiva
1911 1802 1933 1825 a
1954 1789 2072 1826 Grae-

152 1858 205 1894 cis
234 1858 382 1893 demum
410 1857 445 1892 in
473 1856 569 1892 hunc
604 1857 815 1893 infinitivum
850 1857 950 1893 illata
985 1866 1051 1897 est.
1086 1858 1134 1894 ad
1172 1871 1282 1906 quam
1316 1868 1469 1894 ceterae
1506 1871 1639 1894 omnes
1668 1860 1810 1895 formae
1840 1872 1964 1906 aeque
1995 1860 2073 1895 ido—

150 1941 246 1964 neae
275 1927 433 1963 fuissent
461 1926 507 1962 cf.
539 1925 582 1963 E.
612 1925 799 1975 Herzog⁶)
831 1940 864 1974 p.
896 1928 938 1962 8:
974 1944 985 1959 »
997 1927 1064 1963 der
1094 1926 1244 1963 Infinitiv
1262 1928 1309 1964 ist
1338 1928 1479 1964 seinem
1517 1927 1712 1976 Ursprung
1740 1927 1837 1963 nach
1866 1927 2077 1963 indifferent

150 1983 278 2046 gegen
308 1996 491 2031 Activitat
518 1996 592 2031 und
609 1995 838 2031 passivitat«
902 1996 1205 2032 Consentaneum
1222 2006 1346 2033 autem
1364 2005 1422 2033 est
1443 1997 1719 2045 cognationem,
1750 2010 1847 2044 quae
1876 1997 2076 2033 intercedit

150 2067 246 2103 inter
274 2079 340 2102 eas
368 2065 507 2101 formas
537 2074 575 2101 et
602 2065 740 2102 formas
768 2063 962 2109 mediales,
996 2066 1126 2113 quales
1152 2074 1235 2101 sunt
1255 2067 1446 2113 φέρεσθον,
1480 2067 1645 2112 φέρεσθε,
1675 2067 1869 2112 φερέσθων
1898 2066 1946 2101 ad
1975 2065 2071 2101 illam

109 2122 112 2125 .
151 2150 240 2173 usus
274 2134 525 2183 restringendi
562 2134 743 2171 rationem
780 2135 927 2171 multum
960 2133 1124 2171 valuisse
1182 2134 1245 2185 (cf.
1283 2134 1447 2171 Curtium
1474 2134 1496 2171 1.
1532 2134 1553 2171 l.
1592 2135 1619 2170 ΙΙ
1655 2148 1691 2182 p.
1728 2135 1841 2181 115).
1887 2135 1957 2170 etsi
1992 2147 2075 2171 cum

150 2205 394 2242 Schleichero
424 2203 653 2241 concludere
682 2216 759 2239 non
784 2202 870 2239 licet
896 2203 982 2239 inde
1009 2203 1096 2240 illud
1126 2217 1146 2240 6
1171 2191 1208 2240 in
1236 2203 1446 2241 infinitivum
1475 2204 1681 2252 irrepsisse.

313 2343 323 2384 )
370 2342 509 2379 Curtius,
537 2344 675 2376 Studien
701 2356 755 2375 zur
780 2344 1003 2385 griechischen
1031 2345 1097 2375 und
1124 2345 1335 2376 lateinischen
1361 2344 1568 2376 Grammatik
1593 2344 1665 2375 Vol.
1696 2344 1739 2376 IV
1764 2356 1795 2386 p.
1822 2353 1898 2384 422.

298 2402 321 2446 6)
368 2403 430 2435 Die
448 2403 576 2445 Syntax
594 2405 652 2436 des
672 2404 836 2442 Infinitivs‚
856 2415 955 2446 quam
972 2405 1285 2436 commentationem
1316 2405 1395 2445 legis
1412 2405 1443 2435 in
1470 2404 1589 2436 Annal.
1608 2404 1764 2436 Fleckeis.
1783 2416 1813 2445 p.
1848 2414 1856 2435 1
1889 2416 1962 2446 sqq.
1983 2407 2075 2445 1873.
