2285 2900
1059 136 1100 169 37

108 240 208 277 ctivo
236 240 292 277 Pr.
328 243 409 287 165.
444 243 528 285 176.
563 250 650 286 719.
689 243 776 287 756.
813 252 903 285 991.
951 247 1063 283 1027,
1097 239 1212 274 semel
1246 237 1281 274 in
1317 237 1543 285 fragmentis,
1577 236 1709 284 quibus
1748 236 1922 272 omnibus
1952 234 2041 271 locis

107 309 332 347 vocabulum
361 323 507 359 negans
537 309 738 345 antecedit.
797 308 939 345 Decies
969 307 1089 344 octies
1121 306 1313 343 infinitivus
1345 307 1380 342 in
1415 319 1520 342 usum
1545 314 1704 342 vocatus
1733 314 1791 342 est
1821 313 1859 342 et
1886 304 2037 353 quidem

110 387 288 428 quattuor
322 378 417 415 locis
450 386 541 427 post
574 378 761 414 enuntiata
795 377 979 425 privativa
1014 389 1111 424 quae
1146 385 1343 413 vocantur:
1385 376 1481 424 Sept
1521 376 1632 421 1048.
1667 374 1796 424 Suppl.
1838 384 1923 421 772.
1958 384 2042 419 799.

112 448 186 498 Ag.
222 451 334 494 1067.
393 447 596 483 Tredecim
633 447 744 495 igitur
776 445 870 482 locis
908 446 1097 482 enuntiata
1140 446 1357 483 affirmantia
1397 445 1641 493 praecedunt,
1678 458 1774 493 quae
1813 453 1871 481 est
1908 457 2036 487 causa,

115 529 181 554 cur
207 517 243 554 in
272 516 440 566 Herzogi
469 515 647 564 opinione
682 515 925 563 acquiescere
960 527 1032 550 non
1068 515 1220 563 possim.
1286 514 1359 561 Qui
1396 514 1452 550 vir
1480 514 1617 550 doctus
1654 515 1674 550 l.
1703 513 1724 551 l.
1757 518 1842 562 πρίν
1870 521 1908 549 et
1923 513 2039 561 πάρος

110 589 179 636 pro
208 586 396 622 adverbiis
425 585 646 633 accipienda
674 598 761 621 esse
790 592 939 628 censet3
969 597 1054 619 nam
1084 596 1168 620 curn
1197 585 1298 633 apud
1328 585 1531 621 Homerum
1567 584 1677 620 etiam
1706 584 1766 620 ubi
1795 597 1877 620 cum
1905 583 2040 619 indica-

59 652 61 654 *
107 656 183 693 tivo
211 655 482 704 coniungantur
510 654 690 690 adverbia
719 654 800 696 sint,
829 666 871 689 se
901 665 972 688 non
1000 652 1140 696 videre,
1172 666 1236 689 cur
1270 653 1445 689 infinitivo
1478 652 1792 701 praegredientes
1819 652 1893 688 hae
1925 664 2041 687 voces

107 724 207 762 aliud
249 724 337 774 quid
380 737 466 761 esse
510 723 694 760 dicantur.
755 724 877 759 Recte
920 735 1089 770 vereque
1131 723 1293 759 nimirum
1334 726 1418 771 πρίν
1461 730 1546 759 ante
1583 723 1736 758 verbum
1781 721 1919 758 finitum
1956 735 2041 758 esse

108 794 327 831 adverbium
364 793 547 836 iudicavit,
581 793 651 829 sed
694 801 733 829 ut
775 792 887 829 etiam
929 800 1016 827 ante
1058 792 1263 829 infinitivum
1302 793 1352 828 ita
1393 791 1629 840 intellegatur
1666 791 1743 827 fieri
1785 789 1883 827 nullo
1923 790 2037 826 modo

107 872 248 913 potest.
306 863 480 910 Quadrat
509 862 606 899 enirn
634 861 695 898 illa
724 861 906 898 sententia
941 861 977 897 in
1012 861 1210 906 enuntiata,
1249 875 1345 910 quae
1380 862 1548 910 pendent
1584 875 1606 897 a
1634 873 1730 897 voce
1760 868 1939 908 negante,
1969 861 2037 896 sed

105 933 194 981 quid
227 931 291 969 fiet
326 931 525 968 enuntiatis
562 930 817 967 affirmativis?
876 930 1043 977 Herzogi
1098 931 1213 966 modo
1252 931 1488 979 interpretari
1528 943 1728 978 possumus
1767 931 1875 965 locos
1917 929 2035 977 qualis

111 1010 238 1039 exstat
278 1001 355 1050 Ag.
405 1003 504 1038 1066
545 1000 695 1047 χαλινὸν
739 999 837 1037 δὀὐκ
880 1001 1068 1036 ἐπίσταται
1111 1001 1243 1048 φέρειν,
1284 1003 1368 1048 πρὶν
1401 999 1602 1047 αἱματηρὸν
1640 1000 1898 1047 ἐξαφρίζεσθαι
1932 1000 2040 1045 μένος

115 1070 221 1107 frena
258 1070 356 1106 ferre
392 1070 522 1111 nescit,
553 1077 665 1105 antea
702 1069 789 1116 (fiat,
818 1050 874 1119 u't)
906 1069 1149 1117 sanguineam
1177 1078 1348 1117 espumet
1375 1069 1598 1105 violentiam.
1657 1069 1736 1104 Sed
1764 1069 1854 1116 quid
1883 1069 2034 1104 tandem

110 1141 237 1177 facere
266 1139 320 1176 vis
348 1139 517 1176 versibus
544 1138 662 1187 qualis
692 1147 750 1175 est
777 1139 833 1175 Pr.
865 1139 938 1184 825
975 1136 998 1174 ἅ
1024 1141 1108 1186 πρὶν
1142 1143 1265 1185 μολεῖν
1300 1138 1394 1187 δεῦρ’
1433 1137 1704 1186 ἐκμειιιόχῗῖηκεν
1739 1137 1879 1186 φράσω.
1938 1137 2031 1174 Her-

109 1209 199 1258 zogi
241 1208 336 1245 enim
365 1209 395 1245 si
428 1221 601 1257 premere
634 1207 802 1244 volumus
838 1207 1001 1257 vestigia
1037 1208 1088 1244 ita
1118 1208 1335 1245 vertendum
1369 1217 1447 1244 est:
1482 1208 1681 1244 ostendam
1714 1221 1809 1256 quos
1849 1220 2034 1256 perpessa

113 1279 161 1316 sit
187 1278 341 1316 labores
370 1286 408 1315 et
436 1291 644 1321 aerumnas,
673 1286 786 1315 antea
814 1277 903 1327 (fiat,
940 1286 987 1322 ut,
1016 1280 1075 1316 vel
1107 1280 1179 1315 tale
1215 1278 1302 1327 quid
1327 1277 1574 1327 supplendum
1605 1287 1673 1321 est,
1709 1291 1794 1315 nam
1821 1276 2031 1314 infinitivum

119 1349 331 1385 absolutum
359 1356 489 1384 notum
517 1356 577 1384 est
605 1359 679 1384 non
720 1348 889 1396 usurpari
920 1348 988 1384 nisi
1023 1361 1069 1384 eo
1103 1349 1256 1384 consilio
1290 1358 1329 1384 ut
1366 1348 1523 1384 futurum
1557 1348 1695 1396 aliquid
1723 1348 1955 1397 designetur)
1988 1371 2039 1375 -

113 1427 236 1461 antea,
272 1418 433 1467 inquam,
471 1418 541 1454 huc
569 1417 706 1454 veniat.
765 1417 862 1453 Huic
889 1430 979 1454 vero
1013 1418 1176 1455 versioni
1218 1427 1281 1455 aut
1313 1417 1412 1455 nulla
1445 1418 1593 1454 omnino
1623 1417 1812 1454 sententia
1847 1417 1945 1454 inest
1979 1426 2042 1454 aut

114 1488 301 1525 contraria
334 1496 438 1524 certe
473 1495 586 1535 atque
626 1486 742 1523 edere
776 1485 856 1522 vult
891 1487 1082 1535 debetque
1120 1497 1246 1535 poeta.
1308 1487 1443 1524 Elucet
1477 1497 1612 1530 autem,
1655 1497 1693 1524 ut
1721 1488 1865 1535 opinor,
1901 1501 1947 1523 ex
1979 1487 2035 1523 his

117 1556 310 1606 exemplis,
344 1557 430 1594 inde
470 1557 534 1593 viri
576 1556 680 1593 docti
719 1569 883 1593 errorem
922 1565 1042 1593 ortum
1083 1571 1183 1597 esse.
1225 1558 1329 1606 quod
1368 1558 1551 1594 rationem
1588 1557 1848 1594 affirmativam
1886 1570 2040 1606 prorsus

120 1626 290 1677 neglexit
319 1634 356 1662 et
384 1639 431 1662 ex
460 1626 641 1662 nonnullis
670 1625 718 1662 de
748 1626 918 1662 omnibus
947 1627 1040 1662 locis
1070 1627 1318 1663 coniecturam
1348 1628 1447 1663 fecit.

280 1696 395 1743 Quod
424 1696 525 1744 apud
556 1696 762 1732 Homerum
790 1696 960 1732 iteratum
997 1696 1073 1733 hoc
1109 1696 1331 1734 vocabulum
1360 1697 1504 1746 legitur,
1534 1707 1573 1734 ut
1601 1698 1635 1734 in
1663 1706 1823 1745 utroque
1854 1696 2044 1734 enuntiato

116 1769 201 1815 πρίν
228 1765 389 1815 positum
419 1765 474 1808 sit,
503 1766 637 1801 nullum
663 1764 873 1801 huiusmodi
910 1767 1121 1814 exemplum
1162 1766 1262 1814 apud
1291 1765 1525 1814 Aeschylum
1560 1767 1709 1802 inveniri
1744 1774 1884 1814 potest,
1913 1779 2040 1814 quam-

117 1849 229 1885 quam
277 1835 460 1871 interdum
496 1835 546 1871 uti
581 1835 681 1883 apud
722 1835 927 1871 Homerum
966 1836 1135 1872 adverbii
1183 1850 1336 1873 munere
1369 1838 1488 1874 verbo
1529 1850 1602 1873 non
1640 1846 1821 1885 sequente
1870 1836 2043 1884 fungitur,

117 1904 221 1941 velut
254 1905 311 1942 Pr.
352 1914 438 1950 700.
504 1904 587 1940 Uno
622 1904 772 1952 quidem
804 1905 893 1940 loco
932 1905 1072 1953 προπρό
1112 1905 1267 1941 easdem
1309 1906 1413 1964 vices
1449 1906 1665 1954 suscepisse
1704 1905 1867 1942 videtur:
1909 1905 2041 1954 Suppl.

124 1975 200 2020 788
231 1975 370 2021 θέλοιμι
401 1972 478 2009 ‹5⁰0'c'v
504 1977 682 2021 μορσίμου
697 1974 837 2021 προπρὸ
865 1983 985 2020 τυχεῖν
1013 1976 1052 2010 ἐν
1080 1974 1255 2022 ἀρτάναις
1281 1973 1285 2025 Ι
1311 1979 1397 2023 πρὶν
1425 1975 1524 2023 ἄνδρ’
1554 1975 1736 2011 ἀπευκτὸν
1765 1971 1835 2011 ὦδε
1862 1977 2047 2023 χριμφθῆ-

122 2059 182 2081 ναι
209 2047 297 2093 χροΐ.
357 2044 504 2081 Tamen
532 2056 580 2080 ne
607 2043 705 2080 haec
734 2043 885 2092 quidem
914 2046 1096 2093 scriptura
1129 2044 1228 2081 libris
1257 2059 1367 2081 manu
1395 2045 1542 2094 scriptis
1575 2045 1705 2088 nititur,
1735 2046 1805 2082 sed
1833 2059 1855 2081 a
1884 2044 1929 2081 G.
1958 2044 2045 2081 Din-

103 2114 245 2150 *dorfio
273 2122 394 2151 metro
423 2112 638 2162 postulante
668 2113 704 2149 in
732 2121 873 2150 textum
905 2113 1004 2151 illata
1039 2123 1108 2160 est,
1147 2115 1219 2151 etsi
1251 2129 1273 2152 a
1301 2116 1423 2164 poetis
1452 2116 1603 2163 tragicis
1631 2114 1728 2152 nullo
1755 2114 1841 2152 loco
1869 2124 2047 2164 usurpata

120 2183 245 2220 forma
276 2183 324 2219 ab
352 2181 558 2232 Apollonio
587 2182 739 2219 Rhodio
768 2191 828 2219 est
855 2184 984 2231 petita.

284 2252 392 2288 Nunc
430 2252 603 2301 quoniam
639 2265 737 2300 quae
775 2253 822 2289 de
861 2253 1002 2290 articuli
1035 2263 1122 2290 ante
1164 2254 1373 2290 infinitivum
1410 2267 1477 2290 usu
1509 2254 1667 2290 dicenda
1700 2263 1783 2290 sunt
1816 2254 1851 2290 in
1888 2254 2049 2291 medium

125 2321 344 2373 protulimus
373 2331 539 2360 nostrum
575 2330 634 2359 est
663 2335 801 2367 eorum,
835 2336 933 2372 quae
966 2324 1014 2361 de
1048 2323 1209 2361 infinitivi
1243 2324 1342 2374 apud
1377 2323 1608 2373 Aeschylum
1638 2323 1784 2372 syntaxi
1817 2322 1939 2360 adhuc
1975 2322 2048 2360 dis-

123 2394 307 2431 seruimus
336 2406 518 2430 summam
545 2393 674 2430 facere
704 2394 908 2442 paucisque
937 2408 1035 2443 quae
1063 2395 1266 2432 efficiantur
1293 2394 1507 2444 complecti.

288 2463 405 2512 Apud
447 2463 653 2499 Homerum
690 2464 836 2500 etiamsi
876 2455 1052 2502 maiorem
1094 2464 1306 2514 simplicium
1350 2466 1548 2502 verborum
1591 2465 1753 2513 copiam,
1782 2488 1831 2492 —-
1863 2465 2051 2509 conferas,

127 2545 286 2582 quaeso,
313 2531 475 2582 exempli
504 2546 618 2569 causa
647 2533 763 2570 verba
789 2533 964 2571 hortandi
993 2535 1069 2571 sive
1097 2535 1213 2572 verba
1248 2535 1389 2577 orandi,
1423 2548 1520 2584 quae
1554 2535 1700 2584 utrique
1735 2544 1874 2584 poetae
1902 2534 2051 2584 placue-

125 2611 207 2641 runt
243 2625 295 2633 -J
334 2603 434 2652 apud
467 2602 697 2651 Aeschylum
730 2603 914 2641 variarum
947 2605 1174 2643 locutionum
1217 2614 1304 2643 ante
1344 2605 1556 2643 infinitivum
1593 2605 1816 2644 invenimus:
1859 2613 1985 2643 tamen
2017 2606 2053 2645 in
