2285 2900
1117 150 1158 182 23

141 252 366 295 sufficerent,
402 251 542 300 quippe
579 251 713 299 quibus
747 260 785 288 et
819 250 920 287 actio
954 249 1117 286 indicata
1152 249 1199 286 sit
1233 258 1270 286 et
1302 250 1404 286 locus
1440 262 1515 297 quo
1551 250 1682 286 tendat
1716 250 1823 286 actio.
1891 248 2071 286 Attamen

140 322 330 359 Homerus
357 322 534 368 φέρεσθαι
562 320 706 357 addidit
734 333 806 357 nec
836 320 1009 368 cuiquam
1050 319 1201 355 dubium
1236 332 1324 356 esse
1353 328 1489 367 potest,
1526 319 1611 367 quin
1639 319 1850 356 huiusmodi
1877 318 2070 355 infinitivus

141 390 302 428 orationi
330 390 461 439 epicae
491 388 633 438 optime
663 389 872 426 conveniat.
931 388 1026 425 Nam
1055 388 1109 424 sic
1138 401 1211 424 non
1240 390 1358 424 solum
1392 388 1528 425 initium
1557 397 1594 425 et
1623 387 1712 431 finis,
1741 389 1812 425 sed
1839 388 1954 425 etiam
1984 400 2068 436 spa-

141 461 229 496 tium
257 459 491 496 interiectum
521 459 752 495 describitur.
818 457 936 494 Menti
971 458 1123 505 quidem
1160 457 1218 494 ille
1257 471 1368 506 quem
1402 458 1567 505 priorem
1601 458 1748 494 dicendi
1783 450 1933 495 modum
1971 470 2069 494 com—

141 529 430 566 memoravimus
459 528 551 565 satis
580 536 651 572 est,
681 536 807 564 mente
848 527 950 575 quod
985 526 1163 574 reliquum
1206 526 1253 563 sit
1287 526 1396 563 facile
1434 526 1639 563 divinamus
1668 538 1714 563 ac
1743 528 1969 576 supplemus,
1998 527 2069 563 sed

141 598 238 634 oculi
263 610 410 634 omnem
437 596 533 633 illum
561 595 721 632 cadendi
753 605 896 632 motum
932 596 1135 643 requirunt.
1201 596 1329 644 Itaque
1362 597 1534 632 infinitivo
1568 610 1629 632 res
1670 597 1719 632 ad
1748 610 1880 632 sensus
1913 597 2068 644 propius

140 667 377 704 admovetur.
441 665 553 703 Simili
596 665 707 713 igitur
740 665 856 702 modo
890 663 1170 712 intellegendae
1204 665 1275 701 hae
1310 666 1521 702 locutiones
1565 674 1668 702 sunt:
1719 665 1851 712 πνοιὴν
1891 667 2068 712 προέηκεν

140 735 248 783 α’ῆναι
277 759 326 763 ——
356 734 451 772 πόδα
477 730 541 782 ἧκε
565 737 706 782 χαμᾶζε
733 736 884 771 κεῖσθαι.
947 733 1169 770 Huiusmodi
1204 744 1327 771 autem
1359 735 1571 777 infinitivus,
1610 747 1687 783 quo
1722 735 1874 783 quidem
1915 747 1980 770 cur
2007 735 2067 770 ali-

142 806 230 855 quid
257 806 321 843 fiat
351 805 539 848 indicatur,
568 805 637 842 sed
665 804 755 841 novi
783 803 867 841 nihil
897 803 1005 840 nobis
1033 803 1240 853 impertitur
1273 803 1469 853 Aeschylo
1508 814 1547 841 ut
1574 805 1679 841 nimis
1708 804 1839 853 epicus
1869 804 2063 852 displicuit.

141 875 260 912 Unum
296 883 438 912 tantum
467 875 546 911 eius
577 883 784 911 structurae
820 872 1033 922 exemplum
1062 873 1273 916 invenimus,
1311 875 1346 915 in
1374 875 1450 923 Ag.
1481 889 1515 910 v.
1552 878 1666 920 1667:
1698 875 1762 910 ἐὰν
1799 876 1941 920 δαίμωιΙ
1978 873 2069 922 ’0ρέ-

143 958 233 992 στην
272 944 367 993 δεῦρ’
405 943 596 991 ἀπευθύνῃ
623 948 767 991 μολεῑνε
811 957 892 980 cum
929 943 1023 980 deus
1061 942 1238 981 Orestem
1273 944 1345 981 huc
1386 944 1524 993 diriget
1552 952 1590 980 ut
1619 944 1757 984 veniat,
1790 956 1889 992 quae
1920 943 2067 980 dicendi

142 1015 236 1050 ratio
264 1027 385 1063 prope
415 1014 566 1050 accedit
594 1014 643 1050 ad
672 1013 827 1049 Homeri
855 1011 956 1049 illud:
984 1015 1030 1058 βῆ
1058 1012 1188 1055 δ’ἰέναι,
1214 1016 1261 1060 βῆ
1289 1015 1327 1049 δὲ
1359 1016 1465 1050 θέειν.

304 1110 430 1147 Paullo
464 1110 570 1159 plura
605 1109 779 1159 exempla
816 1111 916 1159 apud
954 1109 1184 1158 Aeschylum
1222 1112 1302 1148 eius
1346 1121 1430 1148 sunt
1467 1111 1644 1153 infinitivi,
1686 1124 1762 1159 quo
1798 1112 1886 1147 novi
1932 1112 2068 1161 aliquid

140 1180 311 1224 affertur,
357 1180 460 1230 quod
503 1179 540 1216 in
580 1180 697 1216 verba
738 1179 839 1217 finito
879 1192 954 1217 non
997 1180 1102 1216 inest.
1173 1180 1357 1217 Invenitur
1405 1189 1530 1217 autern
1575 1189 1663 1229 post
1704 1180 1799 1216 haec
1842 1181 1957 1216 verba
1999 1181 2067 1216 his-

144 1264 216 1299 que
245 1250 352 1288 locis:

303 1348 326 1383 οὶ
345 1352 393 1384 ι’ί
408 1363 429 1395 η
444 1363 469 1394 μ
487 1363 498 1383 ι
528 1347 621 1384 Cho.
652 1348 739 1393 489.
772 1347 858 1391 ἄνες
886 1362 948 1395 μοι
974 1347 1096 1396 πατέρ’
1125 1350 1342 1385 ἐποπτεῦσαι
1369 1348 1497 1396 μάχην.

303 1432 329 1453 π
348 1432 368 1465 ρ
384 1431 403 1452 ο
419 1429 440 1452 σ
456 1432 476 1452 τ
492 1419 510 1452 έ
524 1421 543 1452 λ
560 1421 579 1452 λ
596 1431 615 1452 ο
630 1431 656 1464 μ
673 1432 695 1452 α
712 1431 723 1452 ι
751 1417 855 1465 Sept.
892 1429 936 1462 41
948 1428 983 1463 5.
1015 1421 1103 1464 Δίκη
1138 1432 1193 1454 νιν
1219 1420 1480 1466 προστέλλεται
1517 1418 1892 1466 εἵργειι»·-μητρί-δόρυ
1931 1432 2064 1467 propu>

418 1495 618 1534 gnatorem
646 1499 730 1523 eum
759 1486 874 1528 mittit,
902 1496 942 1524 ut
971 1496 1108 1524 arceat.
1140 1487 1280 1523 Schol.:
1312 1489 1362 1530 εἰς
1389 1487 1457 1534 τὴν
1485 1487 1612 1534 μάχην.

305 1585 321 1606 ε
338 1570 349 1605 ἶ
363 1585 389 1617 μ
406 1585 417 1605 ι
446 1570 552 1607 Eum.
590 1571 689 1606 1008
718 1573 771 1606 ἰ’τε
798 1570 841 1606 τὸ
867 1573 934 1617 μὲν
963 1571 1098 1618 ἀτηρὸν
1122 1571 1243 1619 χώρας
1270 1565 1445 1617 κατέχειν,
1473 1571 1515 1607 τὸ
1543 1572 1581 1607 δὲ
1609 1573 1803 1619 κερδαλέον
1830 1574 1995 1619 πέμπειν.

304 1652 325 1676 σ
340 1654 366 1675 π
382 1654 398 1675 ε
414 1639 437 1675 ύ
453 1641 474 1675 δ
489 1655 520 1676 ω
549 1639 620 1689 Ag.
651 1642 722 1676 601
756 1640 864 1676 πόσιν
891 1641 1038 1677 σπεύσω
1065 1640 1174 1677 πάλιν
1200 1640 1360 1688 μολόντα
1389 1641 1571 1685 δέξασθαι.

306 1709 337 1745 (ὀ
354 1712 455 1745 θέω
484 1709 538 1745 Pr.
575 1712 651 1745 666
689 1711 760 1755 ἔξω
802 1709 925 1756 δόμων
961 1725 1001 1746 τε
1033 1713 1091 1746 καὶ
1123 1710 1262 1758 πάτρας
1299 1709 1412 1745 ὠθεῖν
1446 1711 1509 1757 ἐμέ
1532 1710 1536 1760 Ι
1563 1709 1700 1755 ἄφετον
1736 1710 1894 1747 ἀλᾶσθαι
1923 1715 1987 1759 γῆς
2016 1712 2068 1748 ἐπ’

413 1778 576 1824 ἐσχάτοις
611 1776 717 1826 ὅροις,
755 1791 828 1826 quo
861 1780 946 1814 loco
987 1788 1220 1828 quantopere
1261 1779 1390 1815 dativo
1432 1779 1551 1815 affinis
1586 1780 1633 1815 sit
1668 1780 1869 1817 infinitivus
1909 1780 2067 1817 ἀλᾶσθαι

413 1859 545 1885 cernes
575 1857 615 1885 et
642 1848 786 1885 videbis
814 1848 845 1885 si
872 1848 966 1884 hunc
1002 1847 1201 1885 contuleris
1239 1861 1390 1885 versum
1427 1848 1513 1885 Eur.
1545 1849 1648 1886 Med.
1685 1859 1800 1895 1274:
1832 1850 1919 1892 Διὸς
1947 1850 2067 1898 δάμαρ

416 1932 472 1953 νιν
500 1920 678 1965 ἐξέπεμψε
707 1918 890 1965 δωμάτων
917 1917 994 1964 ἄλῃ.
1022 1941 1074 1946 -

306 2017 325 2037 τ
342 2002 364 2037 ά
380 2015 401 2037 σ
417 2015 437 2038 σ
454 2017 485 2037 ω
506 2003 606 2038 Pers.
632 2006 705 2048 367
729 2002 835 2046 τάξαι
855 2010 983 2047 στῖφος
1003 2003 1156 2045 ἔκπλους
1175 2003 1386 2048 φυλάσσειν.
1404 2004 1509 2040 Eum.
1532 2004 1609 2049 488
1632 2004 1732 2049 τάξω
1754 2004 1857 2047 Χτοὺς
1877 2006 2060 2051 δικαστὰς)

309 2072 461 2119 διαιρεῖν
489 2075 600 2107 τοῦτο
626 2070 781 2119 πράγμα.
811 2070 914 2107 Eum.
947 2074 1022 2117 639
1055 2072 1148 2114 λεώς
1177 2069 1289 2120 ὅσπερ
1317 2074 1487 2108 τέτακται
1517 2073 1625 2119 τήνδε
1652 2077 1815 2120 κυρῶσαι
1843 2076 1954 2121 δίκην.

306 2141 356 2176 Ut
383 2142 499 2177 verba
528 2141 705 2176 movendi
733 2142 787 2176 sic
815 2140 926 2176 etiam
953 2142 1070 2177 verba
1097 2142 1270 2178 manendi
1301 2142 1493 2179 infinitivus
1521 2142 1635 2179 finalis
1664 2143 1844 2191 sequitur:

315 2212 373 2256 ἐφ
388 2226 411 2258 η
424 2225 450 2258 μ
465 2225 488 2246 α
504 2224 515 2246 ι
543 2210 645 2247 Eum.
677 2212 754 2256 630
790 2210 931 2253 Παλλὰς
959 2211 995 2247 οἵ
1018 2209 1048 2246 τ’
1076 2210 1249 2258 ἐφήμενοι
1277 2211 1393 2259 ψήφῳ
1421 2212 1572 2259 διαιρεῖν
1599 2212 1706 2247 τοῦδε
1731 2212 1942 2259 πράγματος
1973 2216 2063 2262 πέρι.

302 2282 443 2327 μένω
471 2279 575 2315 Eum.
611 2282 686 2323 676
723 2281 822 2325 μένω
852 2278 1044 2315 δ’άκοῦσαι.
1069 2280 1145 2316 ibid
1178 2290 1262 2326 732.
1292 2281 1374 2316 Nec
1409 2282 1525 2316 solum
1563 2282 1611 2316 de
1659 2282 1832 2328 personis
1870 2283 1940 2319 hoc
1984 2298 2061 2320 ver-

140 2352 226 2387 bum
257 2359 465 2398 usurpatur,
495 2349 564 2385 sed
593 2348 641 2384 ad
669 2361 731 2385 res
760 2361 907 2398 quoque
936 2349 1168 2391 transfertur,
1197 2349 1354 2397 perinde
1384 2358 1495 2399 atque
1524 2349 1560 2385 in
1587 2362 1763 2386 sermone
1792 2351 1926 2388 Latino
1946 2365 2062 2389 voca-

140 2420 263 2456 bulum
301 2427 483 2456 »manet«
527 2416 657 2467 Suppl.
694 2428 768 2464 435
812 2420 912 2453 παισὶ
946 2417 1033 2454 τάδε
1068 2421 1124 2454 καὶ
1162 2418 1285 2466 δόμοις1
1325 2442 1373 2446 -
1409 2421 1509 2466 μένει
1544 2418 1621 2465 δόρι
1650 2423 1764 2455 τίνειν
1799 2418 1928 2467 ὁμοίαν
1957 2424 2064 2470 θέμιν

142 2489 306 2525 Easdem
333 2489 437 2524 vices
466 2488 623 2536 suscipit
650 2500 723 2523 vox
754 2487 979 2536 composita:
1046 2513 1072 2520 α
1491 2512 1557 2561 X

307 2573 606 2619 ἐπαμμένει
645 2570 701 2608 Pr.
740 2573 814 2608 606
853 2572 1033 2620 τέκμηρον
1075 2570 1133 2607 ότι
1160 2571 1195 2619 μ’
1243 2573 1436 2620 ἐπαμμένει
1473 2574 1614 2609 παθεῖν.
1654 2573 1757 2611 Pers.
1790 2575 1863 2619 807
1904 2570 1947 2610 οὗ
1975 2587 2066 2621 σφιν

307 2644 431 2676 κακῶν
458 2639 579 2688 ὕψιστ’
608 2642 804 2687 ἐπαμμένει
835 2642 976 2676 παθεῖν.
