2285 2900
1133 124 1156 159 9

179 227 337 265 formam
366 228 534 276 confugit
562 227 611 264 ob
640 241 800 278 eamque
843 228 964 266 solam
999 237 1081 266 tota
1130 228 1357 278 emendandi
1396 227 1492 264 ratio
1537 226 1725 263 reicienda
1769 235 1835 270 est,
1876 239 1960 263 curn
1989 239 2112 275 neque
2150 233 2153 235 ’

178 295 353 334 librorum
384 298 606 335 auctoritate
637 299 727 335 satis
755 299 891 336 nitatur
918 312 1043 348 neque
1074 299 1152 336 aliis
1180 298 1272 335 locis
1302 297 1461 334 defendi
1489 297 1623 345 possit.

342 367 492 405 Tertius
533 368 694 418 denique
734 367 840 406 locus
882 377 1007 407 exstat
1042 369 1077 406 in
1122 368 1218 406 Cho.
1258 382 1291 406 v.
1342 368 1429 410 808,
1469 367 1530 403 ubi
1567 379 1590 403 a
1619 365 1819 403 Dindorsio
1862 367 1957 403 haec
2001 368 2114 403 vcrba

180 438 318 486 scripta
347 446 447 473 sunt:
490 435 530 474 εὖ
560 439 621 481 δὸς
648 438 789 475 α’ναόῦν
819 439 932 486 δόμον
966 438 1107 486 ἀνδρὸς.
1165 439 1266 474 Libri
1299 450 1393 474 vero
1431 450 1565 473 omnes
1601 436 1786 485 praebent
1823 436 1975 480 ἀνιδεῖν,
2010 438 2114 486 quod

180 506 402 544 scholiastes
431 521 583 557 quoque
612 508 705 557 legit
733 508 939 557 explicans:
967 507 1179 555 ἀναβλέψαι.
1235 506 1406 544 Insolens
1428 519 1520 543 sane
1547 505 1634 542 illud
1654 507 1810 543 verbum
1832 516 1891 543 est
1919 516 1956 543 et
1984 520 2112 556 parum

180 578 345 626 elegans,
375 577 477 626 quod
507 577 632 626 paullo
661 588 751 626 post
778 579 932 614 verbum
972 577 1131 626 simplex
1168 579 1257 614 ἰδεῖν
1286 577 1477 625 sequitur,
1506 589 1624 625 quare
1654 576 1701 611 ab
1731 576 1947 612 Hermanno
1976 575 2114 613 ἀνιδεῖν

180 647 215 682 in
244 646 379 693 ἀνέδην
406 655 585 684 mutatum
614 657 683 690 est,
711 656 750 684 ut
777 648 871 684 haec
903 647 1084 684 efficiatur
1113 648 1315 684 sententia:
1359 647 1418 684 fac
1460 655 1499 683 ut
1541 646 1676 683 domus
1705 646 1773 682 viri
1817 645 1933 682 libere
1966 654 2003 682 et
2031 646 2112 696 ipse

182 715 457 767 (Agamemno)
489 717 617 754 amicis
646 716 761 754 oculis
798 731 844 754 ex
884 716 1093 765 caliginoso
1126 715 1309 754 velamine
1348 716 1542 767 (sepulcri)
1582 716 1750 765 aspiciat.
1811 715 1925 761 Quod
1961 727 1984 750 a
2022 714 2111 750 Din-

181 786 299 822 dorfio
328 786 507 822 άναδῦναι
534 787 770 834 propositum
799 796 859 823 est
898 787 935 822 id
970 787 1020 822 ad
1059 788 1323 824 sententiarum
1359 800 1541 823 conexum
1582 787 1724 834 optime
1768 786 1955 834 quadrare
1999 797 2110 821 nemo

182 864 240 893 est
267 857 328 905 qui
355 866 488 905 neget;
517 856 587 893 sed
615 855 801 905 superflua
835 856 957 893 existit
997 868 1070 892 una
1105 855 1258 905 syllaba.
1319 856 1443 903 Quam
1480 857 1529 892 ob
1575 869 1655 892 rem
1698 854 1839 891 α’ναδῦν
1877 854 2110 891 scribendum

181 933 271 967 erat,
306 939 395 974 »per
423 932 627 974 apocopen
658 926 796 961 dictum
823 939 893 974 pro
922 918 1125 961 ἀναὸὗναιι
1160 926 1247 976 (lex.
1278 927 1420 963 Aesch.
1442 940 1471 962 s.
1495 940 1527 962 V.
1548 925 1783 973 ἀναδύομαι).
1828 925 1907 962 Sed
1937 938 1983 961 ne
2013 924 2110 960 hanc

182 995 331 1043 quidem
362 995 517 1032 formam
554 996 717 1043 arripere
753 994 847 1031 licet.
908 995 1003 1031 Nam
1035 1008 1159 1043 pauca
1194 996 1342 1033 omnino
1379 1005 1462 1032 sunt
1498 994 1674 1044 exempla
1701 994 1955 1031 infinitivorum
1985 994 2111 1030 aoristi

181 1064 348 1106 secundi,
394 1065 456 1113 qui
485 1065 520 1100 in
562 1064 735 1113 litteram'
764 1079 786 1100 ν
814 1073 960 1107 exeant,
1006 1066 1053 1101 de
1095 1066 1226 1114 quibus
1262 1066 1448 1108 conferas,
1480 1078 1640 1114 quaese,
1665 1065 1832 1101 Curtium
1862 1064 2109 1101 disserentem

182 1134 204 1172 l.
235 1133 256 1171 1.
286 1134 325 1177 11,
362 1146 446 1180 103.
719 1115 725 1123 ⁴

346 1204 454 1240 Haec
483 1211 624 1240 tantum
655 1204 829 1252 exempla
859 1206 906 1241 ab
936 1218 983 1241 eo
1013 1206 1263 1253 proferuntur:

344 1258 464 1322 aab&
505 1298 556 1306 a
584 1282 762 1322 παρεῖναι.
803 1297 853 1300 -
889 1275 957 1310 ὀῦν
990 1301 1043 1309 ;Ξ
1077 1277 1181 1311 δῦναι
1221 1274 1287 1325 (de
1324 1275 1444 1311 forma
1479 1275 1642 1323 simplici,
1678 1287 1753 1310 non
1796 1275 1845 1311 de
1889 1274 2110 1323 compositis

345 1343 487 1380 mentio
515 1343 572 1395 fit)

345 1417 430 1460 φῦν,
460 1414 581 1451 forma
616 1413 726 1451 valde
763 1414 876 1451 dubia
908 1414 1009 1463 apud
1043 1414 1298 1451 parmenidem
1334 1428 1368 1463 p.
1406 1418 1466 1461 65,
1500 1415 1561 1451 ubi
1595 1415 1629 1450 in
1666 1415 1861 1451 codicibus
1902 1414 2016 1451 falsus
2052 1415 2107 1450 hic

182 1498 328 1521 versus:
359 1481 515 1532 ὕστερον
543 1483 567 1531 ἢ
594 1484 756 1533 πρόσθεν
785 1488 852 1521 voi
879 1484 1036 1532 μηδενὸς
1063 1483 1268 1533 ἀρξάμενον
1296 1488 1419 1532 φῦναι.

346 1554 483 1603 Aeque
513 1555 646 1591 dubius
674 1563 731 1590 est
758 1553 950 1591 infinitivus
984 1563 1046 1590 πῐν
1082 1555 1118 1590 in
1145 1554 1257 1592 Anth.
1296 1555 1358 1597 XI,
1402 1567 1485 1600 140,
1516 1555 1576 1591 ubi
1606 1556 1683 1591 veri
1711 1554 1861 1591 similius
1889 1565 1950 1592 est
1979 1557 2104 1603 legen-

183 1624 270 1661 dum
299 1638 386 1661 esse
413 1633 509 1660 πιεῖν
538 1637 619 1660 cum
646 1624 815 1671 synizesi.

346 1693 407 1730 Bis
436 1693 597 1741 denique
626 1695 716 1729 δοῦν
743 1693 927 1730 invenitur
954 1703 1041 1731 ante
1071 1693 1234 1736 vocales,
1263 1707 1380 1743 quare
1409 1694 1602 1730 elisionem
1631 1702 1796 1746 statuere
1824 1695 2047 1750 praestabit.

341 1762 442 1810 Quid
471 1761 589 1810 ergo?
616 1775 701 1798 num
730 1762 779 1798 ad
809 1763 993 1799 eiusmodi
1032 1763 1188 1800 formam
1221 1764 1423 1800 decurrere
1457 1763 1583 1811 placet
1617 1747 1974 1799 adl-emendandum
2011 1775 2099 1811 poe-

177 1842 262 1875 tam,
292 1846 403 1880 quem
431 1831 627 1868 infinitivos
657 1833 704 1868 ab
733 1831 882 1880 reliquis
910 1833 1034 1881 poetis
1051 1833 1185 1870 Atticis
1218 1841 1420 1882 usurpatos
1448 1834 1567 1882 ipsum
1598 1846 1747 1882 quoque
1776 1846 1978 1882 usurpasse
2006 1833 2099 1870 scia-

176 1900 282 1937 mus?
339 1901 524 1950 Equidem
554 1913 704 1942 cense0‚
734 1901 845 1937 critici
882 1914 968 1937 esse
1005 1902 1106 1949 prius
1142 1915 1285 1938 summa
1320 1903 1515 1950 diligentia
1552 1915 1596 1938 ac
1624 1903 1794 1938 cautione
1823 1915 1920 1949 quae
1950 1911 2097 1938 cetero-

175 1972 263 2019 quin
290 1980 432 2019 poetae
460 1971 693 2008 consuetudo
731 1971 778 2007 sit
813 1971 1011 2019 inquirere,
1059 1985 1170 2020 quam
1205 1970 1300 2008 tales
1340 1972 1481 2009 formas
1518 1972 1640 2021 eligat,
1675 1973 1807 2021 quibus
1836 1970 1906 2008 loci
1934 1972 2095 2020 corrupti

174 2049 359 2077 sanentur.
417 2042 545 2088 Itaque
574 2039 632 2076 lex
660 2039 731 2083 illa,
761 2054 871 2088 quam
902 2041 936 2076 in
966 2042 1135 2077 omnibus
1174 2041 1306 2078 fabulis
1342 2043 1635 2090 fragmentisque
1670 2041 1896 2088 Aeschylum
1927 2050 2092 2077 secutum

174 2122 260 2145 esse
290 2110 457 2150 diximus,
486 2109 653 2145 Dindorfi
682 2110 851 2145 editione
881 2109 1024 2146 aboleri
1051 2110 1149 2147 nullo
1177 2112 1292 2147 modo
1320 2120 1459 2159 potest.
