2285 2900
1101 132 1143 169 33

299 239 478 289 Denique·
501 251 576 275 non
606 238 763 275 absimili
790 239 906 276 modo
936 239 1047 276 etiam
1068 238 1300 276 substantiva
1325 251 1600 288 saepenumero
1622 238 1722 290 apud
1744 238 1953 280 Homerum
1981 238 2064 275 illos

135 306 330 345 infinitivos
351 308 562 345 adsumunt.
607 307 723 356 Apud
743 308 975 356 Aeschylum
994 321 1087 345 vero
1108 321 1252 357 paucae
1280 309 1433 345 huiusce
1461 309 1560 345 modi
1581 317 1787 345 structurae
1808 308 2059 345 inveniuntur:

296 378 398 414 Pers.
433 389 509 413 210
537 376 638 413 ταῦτ’
666 378 785 424 ἔμοιγε
814 379 836 413 ὃ
850 381 896 414 εί
908 392 933 425 μ
949 376 1016 413 ατ’
1044 376 1114 413 ἔστ’
1144 379 1242 421 ἰδεῖν,
1269 376 1354 425 ὑμῖν
1384 373 1571 415 ὃόἷκούειν.

295 447 370 497 Ag.
407 451 505 483 1166
539 446 764 494 θαύματ’
797 448 874 494 ἐμοὶ
909 446 1041 482 >ti-iem.
1105 446 1169 483 Sic
1208 447 1443 484 Hermannus
1486 461 1637 497 quoque
1671 449 1835 497 scripsit3
1875 448 1933 484 alii
1972 448 2058 484 scri-

134 526 281 567 pturam
310 516 489 566 θραύματ’
518 517 738 565 praeferunt
766 530 864 565 quae
892 516 989 553 inest
1018 516 1053 552 iu
1081 517 1172 553 Ven.
1203 517 1301 554 Flor.
1325 517 1418 554 Vict.
1450 530 1637 566 quamque
1667 518 1837 555 defendit
1867 517 2060 555 VVellauer

134 595 246 637 atque
277 588 405 636 Enger
434 587 468 623 in
499 586 705 623 editionem
735 587 891 635 recepit,
930 600 1154 635 quamquam
1194 588 1280 636 quia
1309 588 1480 625 mirificus
1510 588 1777 639 inusitatusque
1809 589 1854 625 sit
1884 601 2057 626 numerus

131 656 281 706 pluralis
325 657 600 694 emendandum
639 670 725 693 esse
771 663 904 693 censet
946 657 1092 704 θραῦμα
1135 656 1174 692 δ’.
1231 657 1339 694 Haec
1382 658 1452 694 etsi
1495 670 1611 694 causa
1652 658 1817 694 novandi
1859 671 1947 694 esse
1983 671 2055 694 non

131 735 258 774 potest
295 726 356 775 (cf.
393 728 494 764 Pers.
536 729 625 773 210)
663 735 774 763 acute
810 735 937 762 tamen
972 735 1181 774 arguteque
1225 720 1445 775 excogitata
1487 736 1546 764 est
1583 728 1737 765 mutatio
1774 736 1933 776 propter
1967 728 2054 764 anti-

130 795 310 844 strophae
341 809 439 844 quae
471 796 636 832 exoritur
665 795 951 843 responsionem
982 808 1018 844 jn
1047 808 1081 830 V.
1118 801 1213 842 1176
1242 798 1354 843 τέρμα
1384 796 1599 843 δἰὶμηχανοῖ.

291 881 444 917 Tertius
474 880 579 917 locus
610 889 735 917 exstat
763 880 865 916 Pers.
902 880 976 924 284
1012 875 1044 914 ὦ
1079 883 1247 916 πλεῖστον
1287 881 1392 926 ἔχθος
1419 879 1534 928 ὄνομα
1561 885 1765 928 Σαλαμῖνος
1793 881 1926 922 κλύειν,
1957 894 2052 929 quae

127 950 243 986 verba
280 951 331 986 ita
365 950 628 1000 coniungenda
667 958 769 986 sunt:
827 947 943 995 ὄνομα
978 951 1062 984 Σαλ.
1106 953 1275 986 πλεῖστον
1311 951 1415 996 ἔχθος
1451 951 1582 987 κλύειν.
1645 951 1890 987 Abstractum
1929 961 2052 987 autem

126 1019 229 1067 quod
257 1033 326 1056 nos
356 1019 510 1056 dicimus
541 1032 677 1056 nomen
705 1031 775 1067 pro
804 1025 982 1055 concreto
1013 1018 1269 1067 accipiendum
1300 1028 1369 1064 est,
1411 1029 1451 1056 ut
1478 1020 1578 1056 idem
1607 1022 1734 1057 valeat
1764 1021 1869 1069 quod
1899 1020 2051 1057 adiecti-

124 1102 226 1125 vum:
259 1090 435 1136 ἔχθιστον.
493 1090 580 1137 Qua
608 1089 656 1126 de
686 1102 726 1125 re
756 1088 860 1138 quod
890 1087 1095 1124 Teuffelius
1124 1088 1171 1124 ad
1198 1089 1295 1126 hunc
1325 1089 1546 1126 versiculum
1576 1090 1769 1126 adnotavit
1797 1090 1980 1127 conferas.

666 1204 691 1251 §
713 1203 750 1238 4.
800 1203 860 1238 De
888 1202 1058 1238 articulo
1086 1202 1281 1237 infinitivo
1310 1203 1506 1239 adiuncto.

282 1323 494 1360 Infinitivum
527 1324 557 1360 si
598 1324 814 1360 conceditur
851 1324 964 1360 dativi
996 1322 1054 1359 vel
1098 1322 1245 1358 locativi
1288 1323 1445 1360 sormam
1490 1338 1511 1359 a
1551 1325 1669 1360 verbo
1714 1324 1915 1362 deductam
1962 1340 2046 1362 esse

116 1393 352 1441 perspicuum
389 1402 448 1429 est
484 1407 607 1442 neque
641 1394 856 1442 genetivum
892 1406 1015 1441 neque
1053 1392 1299 1428 accusativum
1335 1392 1473 1429 articuli
1508 1407 1587 1429 cum
1624 1393 1797 1430 infinitivo
1836 1396 2047 1432 consociari

114 1461 228 1497 licere
258 1475 301 1498 ac
331 1475 377 1498 ne
406 1462 569 1498 dativum
595 1463 755 1510 quidem,
779 1475 863 1498 cum
883 1461 1073 1510 plerisque
1093 1461 1258 1508 partibus
1280 1476 1302 1498 a
1324 1463 1542 1498 substantivi
1563 1472 1697 1499 natura
1718 1462 1816 1500 illum
1838 1465 2045 1501 abhorrere

115 1531 486 1568 demonstaverimus.
544 1531 603 1568 Ac
640 1545 680 1568 re
716 1544 808 1568 vera
848 1539 951 1568 certo
990 1539 1139 1569 constat
1179 1531 1285 1568 initiis
1328 1530 1477 1579 linguae
1509 1530 1688 1568 Graecae
1731 1531 1920 1569 articulum
1960 1541 2045 1570 ante

114 1595 322 1639 infinitivum
349 1602 473 1638 locum
504 1602 656 1639 omnino
687 1616 760 1639 non
788 1602 966 1639 habuisse
1005 1602 1065 1651 (cf.
1103 1600 1192 1650 Iolly
1226 1599 1245 1637 l.
1284 1599 1305 1637 l.
1343 1613 1377 1649 p.
1417 1603 1520 1647 234).
1579 1600 1675 1637 Nam
1711 1614 1755 1637 ex
1790 1601 1945 1639 Homeri
1978 1616 2045 1639 usu

114 1672 152 1708 id
182 1672 284 1720 quod
312 1672 479 1707 volumus
507 1671 796 1708 luculentissime
840 1672 998 1708 efficitur
1028 1680 1066 1726 et
1109 1671 1262 1718 cogitur,
1286 1671 1387 1718 apud
1408 1683 1518 1718 quem
1540 1671 1830 1708 vetustissimum
1858 1673 2045 1709 sermonis

115 1750 305 1779 auctorem
336 1741 518 1778 eiusmodi
545 1754 664 1791 genus
696 1742 847 1778 dicendi
876 1754 1058 1790 nusquam
1094 1740 1263 1781 occurrit,
1301 1739 1367 1775 nisi
1404 1739 1499 1775 forte
1536 1753 1643 1776 unum
1679 1739 1799 1777 locum
1836 1755 2040 1789 urgeamus

114 1811 175 1860 qui
204 1820 330 1848 tamen
358 1819 462 1847 recte
492 1823 589 1847 nunc
619 1811 668 1847 ab
703 1812 871 1847 omnibus
903 1811 988 1847 viris
1023 1810 1146 1847 doctis
1180 1809 1477 1857 comprehensus
1513 1819 1642 1846 contra
1677 1811 1761 1846 illud
1795 1821 2042 1859 praeceptum

114 1894 188 1917 non
217 1889 371 1928 pugnat.
430 1881 522 1916 Sunt
555 1880 648 1915 enim
683 1893 780 1927 quae
815 1880 1061 1916 offensionem
1096 1879 1237 1914 habent
1273 1878 1390 1914 verba
1426 1878 1523 1915 haec
1571 1893 1618 1915 ex
1656 1879 1729 1916 Od.
1769 1894 1800 1916 υ.
1846 1892 1912 1927 52:
1956 1881 2040 1928 ἀνίη

113 1953 170 1987 καὶ
199 1950 240 1986 τό
263 1949 463 1997 φυλάσσειν
497 1948 683 1995 πάννυχον
698 1948 930 1996 ἐγρήσσοντα.
974 1947 1052 1984 Sed
1074 1948 1145 1983 iam
1175 1959 1288 1983 nemo
1319 1955 1376 1983 est
1396 1947 1482 1996 quin
1510 1949 1677 1984 voculam
1707 1947 1749 1983 τό
1785 1949 2038 1997 accipiendam

114 2032 202 2056 esse
247 2018 343 2056 sciat
383 2030 453 2067 pro
495 2017 717 2066 pronomine
756 2017 1063 2058 demonstrativo,
1092 2029 1202 2065 quem
1244 2017 1385 2052 articuli
1428 2031 1532 2053 usum
1576 2018 1676 2065 apud
1717 2018 1922 2054 Homerum
1965 2028 2039 2055 tam

114 2089 349 2137 frequentem
396 2088 508 2124 fuisse
552 2096 716 2130 constat,
762 2097 801 2124 ut
845 2086 943 2123 multi
985 2087 1210 2135 interpretes
1254 2086 1486 2135 superiorum
1529 2087 1691 2135 inprimis
1735 2096 1945 2137 temporum
1989 2089 2038 2126 ab

117 2158 284 2195 Homero
315 2155 503 2194 articulum
535 2156 683 2193 omnino
723 2155 1015 2192 abiudicaverint
1051 2164 1090 2192 et
1130 2155 1189 2191 ubi
1226 2155 1430 2191 inveniatur
1465 2168 1671 2204 pronomen
1709 2157 2039 2194 demonstrativum

111 2228 270 2265 subesse
298 2228 517 2277 putaverint.
564 2227 806 2275 Quapropter
833 2226 942 2274 plane
960 2226 1121 2263 eandem
1142 2225 1302 2263 illo·loeo
1318 2235 1538 2263 structuram
1558 2226 1678 2263 habes
1710 2240 1821 2275 quam
1856 2228 1931 2264 Od.
1964 2242 1987 2271 ι,
2017 2242 2036 2275 3

110 2296 191 2345 ἦτοι
214 2300 281 2345 μὲν
309 2298 392 2334 τόδε
415 2297 525 2333 καλὸν
549 2295 728 2343 ἀκουέμεν
751 2298 849 2332 ἐστὶν
869 2295 1004 2332 ἀοιδοῦ.
1035 2295 1124 2332 Illud
1145 2309 1236 2333 vero
1264 2309 1346 2333 cum
1362 2296 1504 2332 unicum
1534 2295 1579 2331 sit
1609 2294 1819 2344 exemplum
1843 2297 1905 2347 ius
1931 2306 2034 2346 pote-

110 2374 264 2415 stasque
308 2367 414 2402 nobis
452 2366 561 2401 datur
590 2365 844 2402 contendendi
874 2373 959 2401 ante
991 2365 1197 2401 Homerum
1227 2366 1448 2417 ⁴infinitivum
1481 2377 1561 2400 cum
1605 2364 1757 2401 articulo
1798 2366 2035 2403 coniunctum

111 2436 275 2471 nondum
309 2436 433 2472 fuisse.

273 2519 487 2558 Posteriore
517 2527 642 2557 autem
674 2526 799 2556 aetate
830 2526 869 2555 ut
897 2518 1047 2556 omnino
1077 2517 1184 2556 latius
1219 2518 1379 2555 manavit
1413 2516 1555 2555 articuli
1592 2530 1680 2553 usus
1714 2518 1826 2554 etiam
1864 2518 2036 2556 infinitivo

109 2591 259 2639 adiungi
288 2599 448 2638 coeptus
478 2599 547 2631 est,
577 2598 615 2625 ut
640 2589 849 2625 infinitivum
871 2602 913 2625 ac
935 2590 964 2625 si
986 2589 1143 2637 quodvis
1164 2599 1269 2626 esset
1289 2589 1555 2626 substantivum
1576 2589 1807 2625 declinatum
1828 2590 2035 2628 videamus.

1806 2667 1819 2693 5
