<?xml version="1.0" encoding="UTF-8"?>
<!DOCTYPE html PUBLIC "-//W3C//DTD XHTML 1.0 Transitional//EN"
    "http://www.w3.org/TR/xhtml1/DTD/xhtml1-transitional.dtd">
<html xmlns="http://www.w3.org/1999/xhtml" xml:lang="en" lang="en">
 <head>
  <title>
</title>
<meta http-equiv="Content-Type" content="text/html;charset=utf-8" />
  <meta name='ocr-system' content='tesseract 3.04.00' />
  <meta name='ocr-capabilities' content='ocr_page ocr_carea ocr_par ocr_line ocrx_word'/>
</head>
<body>
  <div class='ocr_page' id='page_1' title='image "./4626737_0052.png"; bbox 0 0 2285 2900; ppageno 0'>
   <div class='ocr_carea' id='block_1_1' title="bbox 1090 136 1131 170">
    <p class='ocr_par' dir='ltr' id='par_1_1' title="bbox 1090 136 1131 170">
     <span class='ocr_line' id='line_1_1' title="bbox 1090 136 1131 170; baseline 0.024 -1"><span class='ocrx_word' id='word_1_1' title='bbox 1090 136 1131 170; x_wconf 88' lang='grc'><strong>45</strong></span> 
     </span>
    </p>
   </div>
   <div class='ocr_carea' id='block_1_2' title="bbox 122 239 2066 357">
    <p class='ocr_par' dir='ltr' id='par_1_2' title="bbox 122 239 2066 357">
     <span class='ocr_line' id='line_1_2' title="bbox 122 239 2066 291; baseline 0.001 -16"><span class='ocrx_word' id='word_1_2' title='bbox 122 267 124 269; x_wconf 75' lang='grc'><strong>-</strong></span> <span class='ocrx_word' id='word_1_3' title='bbox 155 239 296 276; x_wconf 84' lang='lat' dir='ltr'><strong>aoristo</strong></span> <span class='ocrx_word' id='word_1_4' title='bbox 324 247 452 283; x_wconf 84' lang='lat' dir='ltr'><strong>monet</strong></span> <span class='ocrx_word' id='word_1_5' title='bbox 480 252 526 275; x_wconf 89' lang='lat' dir='ltr'><strong>ue</strong></span> <span class='ocrx_word' id='word_1_6' title='bbox 551 239 588 275; x_wconf 90' lang='lat' dir='ltr'><strong>in</strong></span> <span class='ocrx_word' id='word_1_7' title='bbox 615 253 686 276; x_wconf 86' lang='lat' dir='ltr'><strong>una</strong></span> <span class='ocrx_word' id='word_1_8' title='bbox 715 239 764 276; x_wconf 92' lang='lat' dir='ltr'><strong>de</strong></span> <span class='ocrx_word' id='word_1_9' title='bbox 793 253 869 289; x_wconf 91' lang='lat' dir='ltr'><strong>qua</strong></span> <span class='ocrx_word' id='word_1_10' title='bbox 897 249 1030 290; x_wconf 85' lang='lat' dir='ltr'>agatur</span> <span class='ocrx_word' id='word_1_11' title='bbox 1058 254 1171 278; x_wconf 88' lang='lat' dir='ltr'><strong>causa</strong></span> <span class='ocrx_word' id='word_1_12' title='bbox 1202 254 1274 278; x_wconf 91' lang='lat' dir='ltr'><strong>uno</strong></span> <span class='ocrx_word' id='word_1_13' title='bbox 1314 243 1419 290; x_wconf 88' lang='lat' dir='ltr'><strong>quasi</strong></span> <span class='ocrx_word' id='word_1_14' title='bbox 1447 250 1641 278; x_wconf 90' lang='lat' dir='ltr'><strong>momento</strong></span> <span class='ocrx_word' id='word_1_15' title='bbox 1672 241 1796 291; x_wconf 80' lang='lat' dir='ltr'><strong>legum</strong></span> <span class='ocrx_word' id='word_1_16' title='bbox 1827 241 2066 278; x_wconf 83' lang='lat' dir='ltr'>sanctitatem</span> 
     </span>
     <span class='ocr_line' id='line_1_3' title="bbox 128 305 1054 357; baseline 0.001 -12"><span class='ocrx_word' id='word_1_17' title='bbox 128 326 129 329; x_wconf 45' lang='lat'>¹</span> <span class='ocrx_word' id='word_1_18' title='bbox 156 309 332 346; x_wconf 84' lang='lat' dir='ltr'>obterant</span> <span class='ocrx_word' id='word_1_19' title='bbox 360 310 623 357; x_wconf 86' lang='lat' dir='ltr'><strong>aboleantque.</strong></span> <span class='ocrx_word' id='word_1_20' title='bbox 1051 305 1054 307; x_wconf 43' lang='grc'><strong><em>’</em></strong></span> 
     </span>
    </p>
   </div>
   <div class='ocr_carea' id='block_1_3' title="bbox 179 420 2024 472">
    <p class='ocr_par' dir='ltr' id='par_1_3' title="bbox 179 420 2024 472">
     <span class='ocr_line' id='line_1_4' title="bbox 179 420 2024 472; baseline 0 -14"><span class='ocrx_word' id='word_1_21' title='bbox 179 421 219 468; x_wconf 91' lang='lat' dir='ltr'><strong>b)</strong></span> <span class='ocrx_word' id='word_1_22' title='bbox 277 420 579 470; x_wconf 86' lang='lat' dir='ltr'><strong>Colliguntur</strong></span> <span class='ocrx_word' id='word_1_23' title='bbox 606 423 708 467; x_wconf 76' lang='lat' dir='ltr'><strong>loci,</strong></span> <span class='ocrx_word' id='word_1_24' title='bbox 739 423 779 459; x_wconf 93' lang='lat' dir='ltr'><strong>in</strong></span> <span class='ocrx_word' id='word_1_25' title='bbox 807 423 968 471; x_wconf 90' lang='lat' dir='ltr'><strong>quibus</strong></span> <span class='ocrx_word' id='word_1_26' title='bbox 996 423 1153 459; x_wconf 91' lang='lat' dir='ltr'><strong>aoristi</strong></span> <span class='ocrx_word' id='word_1_27' title='bbox 1180 423 1404 459; x_wconf 87' lang='lat' dir='ltr'><strong>infinitivo</strong></span> <span class='ocrx_word' id='word_1_28' title='bbox 1435 436 1508 459; x_wconf 86' lang='lat' dir='ltr'><strong>res</strong></span> <span class='ocrx_word' id='word_1_29' title='bbox 1537 424 1830 471; x_wconf 86' lang='lat' dir='ltr'><strong>praeteritae</strong></span> <span class='ocrx_word' id='word_1_30' title='bbox 1862 422 2024 472; x_wconf 82' lang='lat' dir='ltr'><strong>signifi—</strong></span> 
     </span>
    </p>
   </div>
   <div class='ocr_carea' id='block_1_4' title="bbox 975 499 1253 529">
    <p class='ocr_par' dir='ltr' id='par_1_4' title="bbox 975 499 1253 529">
     <span class='ocr_line' id='line_1_5' title="bbox 975 499 1253 529; baseline 0.007 -2"><span class='ocrx_word' id='word_1_31' title='bbox 975 499 1109 528; x_wconf 87' lang='lat' dir='ltr'><strong>catae</strong></span> <span class='ocrx_word' id='word_1_32' title='bbox 1139 502 1253 529; x_wconf 89' lang='lat' dir='ltr'><strong>sunt.</strong></span> 
     </span>
    </p>
   </div>
   <div class='ocr_carea' id='block_1_5' title="bbox 148 588 2063 710">
    <p class='ocr_par' dir='ltr' id='par_1_5' title="bbox 148 588 2063 710">
     <span class='ocr_line' id='line_1_6' title="bbox 313 588 2063 639; baseline 0.001 -14"><span class='ocrx_word' id='word_1_33' title='bbox 313 588 457 625; x_wconf 89' lang='lat' dir='ltr'><strong>Atvero</strong></span> <span class='ocrx_word' id='word_1_34' title='bbox 487 602 562 626; x_wconf 91' lang='lat' dir='ltr'><strong>non</strong></span> <span class='ocrx_word' id='word_1_35' title='bbox 592 588 712 627; x_wconf 89' lang='lat' dir='ltr'><strong>solum</strong></span> <span class='ocrx_word' id='word_1_36' title='bbox 740 603 837 638; x_wconf 90' lang='lat' dir='ltr'><strong>quae</strong></span> <span class='ocrx_word' id='word_1_37' title='bbox 867 603 939 626; x_wconf 94' lang='lat' dir='ltr'><strong>uno</strong></span> <span class='ocrx_word' id='word_1_38' title='bbox 969 598 1008 626; x_wconf 91' lang='lat' dir='ltr'><strong>et</strong></span> <span class='ocrx_word' id='word_1_39' title='bbox 1038 591 1174 627; x_wconf 87' lang='lat' dir='ltr'><strong>eodem</strong></span> <span class='ocrx_word' id='word_1_40' title='bbox 1212 598 1391 639; x_wconf 91' lang='lat' dir='ltr'><strong>tempore,</strong></span> <span class='ocrx_word' id='word_1_41' title='bbox 1422 591 1491 626; x_wconf 88' lang='lat' dir='ltr'><strong>sed</strong></span> <span class='ocrx_word' id='word_1_42' title='bbox 1521 590 1632 627; x_wconf 90' lang='lat' dir='ltr'><strong>etiam</strong></span> <span class='ocrx_word' id='word_1_43' title='bbox 1663 603 1762 638; x_wconf 91' lang='lat' dir='ltr'><strong>quae</strong></span> <span class='ocrx_word' id='word_1_44' title='bbox 1792 600 1877 627; x_wconf 90' lang='lat' dir='ltr'><strong>ante</strong></span> <span class='ocrx_word' id='word_1_45' title='bbox 1906 590 1944 626; x_wconf 91' lang='lat' dir='ltr'><strong>id</strong></span> <span class='ocrx_word' id='word_1_46' title='bbox 1973 599 2063 627; x_wconf 89' lang='lat' dir='ltr'><strong>tem-</strong></span> 
     </span>
     <span class='ocr_line' id='line_1_7' title="bbox 148 658 2058 710; baseline -0.002 -11"><span class='ocrx_word' id='word_1_47' title='bbox 148 672 232 710; x_wconf 29' lang='lat' dir='ltr'><strong>pus·x</strong></span> <span class='ocrx_word' id='word_1_48' title='bbox 249 659 286 696; x_wconf 88' lang='lat' dir='ltr'><strong>in</strong></span> <span class='ocrx_word' id='word_1_49' title='bbox 314 658 416 708; x_wconf 91' lang='lat' dir='ltr'><strong>quod</strong></span> <span class='ocrx_word' id='word_1_50' title='bbox 444 659 572 704; x_wconf 79' lang='lat' dir='ltr'><strong>incidit</strong></span> <span class='ocrx_word' id='word_1_51' title='bbox 599 660 720 696; x_wconf 87' lang='lat' dir='ltr'><strong>oratio</strong></span> <span class='ocrx_word' id='word_1_52' title='bbox 749 660 847 697; x_wconf 87' lang='lat' dir='ltr'><strong>facta</strong></span> <span class='ocrx_word' id='word_1_53' title='bbox 875 668 959 696; x_wconf 89' lang='lat' dir='ltr'><strong>sunt</strong></span> <span class='ocrx_word' id='word_1_54' title='bbox 986 660 1159 696; x_wconf 83' lang='lat' dir='ltr'><strong>infinitivo</strong></span> <span class='ocrx_word' id='word_1_55' title='bbox 1193 661 1320 697; x_wconf 90' lang='lat' dir='ltr'><strong>aoristi</strong></span> <span class='ocrx_word' id='word_1_56' title='bbox 1351 660 1503 708; x_wconf 82' lang='lat' dir='ltr'><strong>exprimi</strong></span> <span class='ocrx_word' id='word_1_57' title='bbox 1533 658 1665 696; x_wconf 85' lang='lat' dir='ltr'><strong>solent.</strong></span> <span class='ocrx_word' id='word_1_58' title='bbox 1727 660 1849 708; x_wconf 77' lang='lat' dir='ltr'><strong>Quam</strong></span> <span class='ocrx_word' id='word_1_59' title='bbox 1877 660 2058 708; x_wconf 86' lang='lat' dir='ltr'><strong>significa-</strong></span> 
     </span>
    </p>
   </div>
   <div class='ocr_carea' id='block_1_6' title="bbox 89 728 2063 780">
    <p class='ocr_par' dir='ltr' id='par_1_6' title="bbox 89 728 2063 780">
     <span class='ocr_line' id='line_1_8' title="bbox 89 728 2063 780; baseline 0.001 -15"><span class='ocrx_word' id='word_1_60' title='bbox 89 728 98 740; x_wconf 90' lang='lat'><strong><em>‘</em></strong></span> <span class='ocrx_word' id='word_1_61' title='bbox 148 729 288 766; x_wconf 89' lang='lat' dir='ltr'><strong>tionem</strong></span> <span class='ocrx_word' id='word_1_62' title='bbox 315 729 405 766; x_wconf 89' lang='lat' dir='ltr'><strong>satis</strong></span> <span class='ocrx_word' id='word_1_63' title='bbox 442 729 676 766; x_wconf 87' lang='lat' dir='ltr'><strong>manifestum</strong></span> <span class='ocrx_word' id='word_1_64' title='bbox 712 739 770 766; x_wconf 88' lang='lat' dir='ltr'><strong>est</strong></span> <span class='ocrx_word' id='word_1_65' title='bbox 804 730 982 778; x_wconf 80' lang='lat' dir='ltr'>pristinae</span> <span class='ocrx_word' id='word_1_66' title='bbox 1016 742 1061 766; x_wconf 84' lang='lat' dir='ltr'><strong>ac</strong></span> <span class='ocrx_word' id='word_1_67' title='bbox 1095 730 1278 778; x_wconf 73' lang='lat' dir='ltr'>genuinae</span> <span class='ocrx_word' id='word_1_68' title='bbox 1313 730 1471 766; x_wconf 84' lang='lat' dir='ltr'><strong>infinitivi</strong></span> <span class='ocrx_word' id='word_1_69' title='bbox 1504 740 1658 767; x_wconf 89' lang='lat' dir='ltr'><strong>naturae</strong></span> <span class='ocrx_word' id='word_1_70' title='bbox 1694 730 1804 779; x_wconf 90' lang='lat' dir='ltr'><strong>plane</strong></span> <span class='ocrx_word' id='word_1_71' title='bbox 1840 743 2063 780; x_wconf 88' lang='lat' dir='ltr'><strong>repugnare.</strong></span> 
     </span>
    </p>
   </div>
   <div class='ocr_carea' id='block_1_7' title="bbox 146 797 2065 1472">
    <p class='ocr_par' dir='ltr' id='par_1_7' title="bbox 146 797 2065 1472">
     <span class='ocr_line' id='line_1_9' title="bbox 148 797 2064 847; baseline 0.001 -13"><span class='ocrx_word' id='word_1_72' title='bbox 148 797 315 846; x_wconf 86' lang='lat' dir='ltr'><strong>Itemque</strong></span> <span class='ocrx_word' id='word_1_73' title='bbox 344 798 574 834; x_wconf 90' lang='lat' dir='ltr'><strong>notissimum</strong></span> <span class='ocrx_word' id='word_1_74' title='bbox 603 807 662 835; x_wconf 92' lang='lat' dir='ltr'><strong>est</strong></span> <span class='ocrx_word' id='word_1_75' title='bbox 688 799 794 835; x_wconf 91' lang='lat' dir='ltr'><strong>huius</strong></span> <span class='ocrx_word' id='word_1_76' title='bbox 821 798 983 835; x_wconf 80' lang='lat' dir='ltr'><strong>infinitivi</strong></span> <span class='ocrx_word' id='word_1_77' title='bbox 1012 799 1167 834; x_wconf 88' lang='lat' dir='ltr'><strong>formam</strong></span> <span class='ocrx_word' id='word_1_78' title='bbox 1209 800 1255 834; x_wconf 89' lang='lat' dir='ltr'><strong>ab</strong></span> <span class='ocrx_word' id='word_1_79' title='bbox 1283 798 1343 834; x_wconf 85' lang='lat' dir='ltr'><strong>illa</strong></span> <span class='ocrx_word' id='word_1_80' title='bbox 1369 800 1402 834; x_wconf 87' lang='lat' dir='ltr'><strong>vi</strong></span> <span class='ocrx_word' id='word_1_81' title='bbox 1431 799 1580 835; x_wconf 87' lang='lat' dir='ltr'><strong>omnino</strong></span> <span class='ocrx_word' id='word_1_82' title='bbox 1610 800 1805 841; x_wconf 86' lang='lat' dir='ltr'><strong>abhorere,</strong></span> <span class='ocrx_word' id='word_1_83' title='bbox 1835 800 1975 847; x_wconf 86' lang='lat' dir='ltr'><strong>quippe</strong></span> <span class='ocrx_word' id='word_1_84' title='bbox 2007 800 2064 836; x_wconf 93' lang='lat' dir='ltr'><strong>cui</strong></span> 
     </span>
     <span class='ocr_line' id='line_1_10' title="bbox 149 867 2064 916; baseline 0.001 -14"><span class='ocrx_word' id='word_1_85' title='bbox 149 879 246 914; x_wconf 87' lang='lat' dir='ltr'><strong>quae</strong></span> <span class='ocrx_word' id='word_1_86' title='bbox 275 867 491 904; x_wconf 89' lang='lat' dir='ltr'><strong>necessaria</strong></span> <span class='ocrx_word' id='word_1_87' title='bbox 518 875 577 904; x_wconf 88' lang='lat' dir='ltr'><strong>est</strong></span> <span class='ocrx_word' id='word_1_88' title='bbox 606 876 694 903; x_wconf 90' lang='lat' dir='ltr'><strong>nota</strong></span> <span class='ocrx_word' id='word_1_89' title='bbox 722 868 911 916; x_wconf 80' lang='lat' dir='ltr'><strong>augmenti</strong></span> <span class='ocrx_word' id='word_1_90' title='bbox 940 867 1049 904; x_wconf 84' lang='lat' dir='ltr'><strong>desit.</strong></span> <span class='ocrx_word' id='word_1_91' title='bbox 1108 868 1187 904; x_wconf 87' lang='lat' dir='ltr'><strong>Sed</strong></span> <span class='ocrx_word' id='word_1_92' title='bbox 1215 877 1252 904; x_wconf 90' lang='lat' dir='ltr'><strong>ut</strong></span> <span class='ocrx_word' id='word_1_93' title='bbox 1281 869 1432 904; x_wconf 86' lang='lat' dir='ltr'><strong>verbum</strong></span> <span class='ocrx_word' id='word_1_94' title='bbox 1461 868 1596 904; x_wconf 85' lang='lat' dir='ltr'><strong>finitum</strong></span> <span class='ocrx_word' id='word_1_95' title='bbox 1632 868 1837 916; x_wconf 83' lang='lat' dir='ltr'><strong>significatu</strong></span> <span class='ocrx_word' id='word_1_96' title='bbox 1868 868 2064 916; x_wconf 89' lang='lat' dir='ltr'><strong>praeteriti</strong></span> 
     </span>
     <span class='ocr_line' id='line_1_11' title="bbox 147 935 2063 985; baseline 0.001 -13"><span class='ocrx_word' id='word_1_97' title='bbox 147 947 299 985; x_wconf 89' lang='lat' dir='ltr'><strong>quoque</strong></span> <span class='ocrx_word' id='word_1_98' title='bbox 334 935 513 984; x_wconf 90' lang='lat' dir='ltr'><strong>temporis</strong></span> <span class='ocrx_word' id='word_1_99' title='bbox 553 936 767 973; x_wconf 89' lang='lat' dir='ltr'><strong>instructum</strong></span> <span class='ocrx_word' id='word_1_100' title='bbox 799 946 857 974; x_wconf 87' lang='lat' dir='ltr'><strong>est</strong></span> <span class='ocrx_word' id='word_1_101' title='bbox 893 937 1007 973; x_wconf 88' lang='lat' dir='ltr'><strong>etiam</strong></span> <span class='ocrx_word' id='word_1_102' title='bbox 1043 936 1245 979; x_wconf 82' lang='lat' dir='ltr'><strong>infinitivus,</strong></span> <span class='ocrx_word' id='word_1_103' title='bbox 1291 937 1351 985; x_wconf 92' lang='lat' dir='ltr'><strong>qui</strong></span> <span class='ocrx_word' id='word_1_104' title='bbox 1393 937 1427 973; x_wconf 92' lang='lat' dir='ltr'><strong>in</strong></span> <span class='ocrx_word' id='word_1_105' title='bbox 1462 938 1632 974; x_wconf 91' lang='lat' dir='ltr'><strong>oratione</strong></span> <span class='ocrx_word' id='word_1_106' title='bbox 1661 936 1813 985; x_wconf 92' lang='lat' dir='ltr'><strong>obliqua</strong></span> <span class='ocrx_word' id='word_1_107' title='bbox 1848 937 1941 973; x_wconf 90' lang='lat' dir='ltr'><strong>illius</strong></span> <span class='ocrx_word' id='word_1_108' title='bbox 1978 939 2063 973; x_wconf 89' lang='lat' dir='ltr'><strong>loco</strong></span> 
     </span>
     <span class='ocr_line' id='line_1_12' title="bbox 148 1003 2065 1055; baseline 0.001 -13"><span class='ocrx_word' id='word_1_109' title='bbox 148 1003 381 1043; x_wconf 87' lang='lat' dir='ltr'><strong>adhibendus</strong></span> <span class='ocrx_word' id='word_1_110' title='bbox 412 1013 502 1048; x_wconf 85' lang='lat' dir='ltr'><strong>erat,</strong></span> <span class='ocrx_word' id='word_1_111' title='bbox 537 1006 730 1043; x_wconf 89' lang='lat' dir='ltr'><strong>notionem</strong></span> <span class='ocrx_word' id='word_1_112' title='bbox 763 1006 860 1043; x_wconf 87' lang='lat' dir='ltr'><strong>illam</strong></span> <span class='ocrx_word' id='word_1_113' title='bbox 897 1007 1034 1043; x_wconf 89' lang='lat' dir='ltr'><strong>ascivit.</strong></span> <span class='ocrx_word' id='word_1_114' title='bbox 1092 1006 1213 1054; x_wconf 78' lang='lat' dir='ltr'><strong>Quam</strong></span> <span class='ocrx_word' id='word_1_115' title='bbox 1247 1008 1295 1043; x_wconf 91' lang='lat' dir='ltr'><strong>ad</strong></span> <span class='ocrx_word' id='word_1_116' title='bbox 1329 1007 1618 1043; x_wconf 81' lang='lat' dir='ltr'><strong>immutationem</strong></span> <span class='ocrx_word' id='word_1_117' title='bbox 1650 1007 1751 1043; x_wconf 91' lang='lat' dir='ltr'><strong>haud</strong></span> <span class='ocrx_word' id='word_1_118' title='bbox 1787 1006 1910 1055; x_wconf 84' lang='lat' dir='ltr'><strong>exigui</strong></span> <span class='ocrx_word' id='word_1_119' title='bbox 1953 1006 2065 1044; x_wconf 88' lang='lat' dir='ltr'><strong>fuisse</strong></span> 
     </span>
     <span class='ocr_line' id='line_1_13' title="bbox 146 1074 2063 1134; baseline 0.001 -23"><span class='ocrx_word' id='word_1_120' title='bbox 146 1075 324 1129; x_wconf 84' lang='lat' dir='ltr'><strong>momenti</strong></span> <span class='ocrx_word' id='word_1_121' title='bbox 360 1074 539 1112; x_wconf 89' lang='lat' dir='ltr'><strong>credibile</strong></span> <span class='ocrx_word' id='word_1_122' title='bbox 571 1085 641 1121; x_wconf 77' lang='lat' dir='ltr'><strong>est,</strong></span> <span class='ocrx_word' id='word_1_123' title='bbox 674 1076 778 1125; x_wconf 93' lang='lat' dir='ltr'><strong>quod</strong></span> <span class='ocrx_word' id='word_1_124' title='bbox 807 1084 959 1125; x_wconf 91' lang='lat' dir='ltr'><strong>praeter</strong></span> <span class='ocrx_word' id='word_1_125' title='bbox 995 1089 1111 1124; x_wconf 90' lang='lat' dir='ltr'><strong>purae</strong></span> <span class='ocrx_word' id='word_1_126' title='bbox 1146 1077 1268 1125; x_wconf 85' lang='lat' dir='ltr'><strong>stirpis</strong></span> <span class='ocrx_word' id='word_1_127' title='bbox 1301 1075 1671 1134; x_wconf 32' lang='lat' dir='ltr'><strong>verbalislaoristum</strong></span> <span class='ocrx_word' id='word_1_128' title='bbox 1707 1090 1792 1113; x_wconf 84' lang='lat' dir='ltr'><strong>mox</strong></span> <span class='ocrx_word' id='word_1_129' title='bbox 1820 1084 1859 1113; x_wconf 90' lang='lat' dir='ltr'><strong>et</strong></span> <span class='ocrx_word' id='word_1_130' title='bbox 1886 1076 1995 1113; x_wconf 87' lang='lat' dir='ltr'><strong>activi</strong></span> <span class='ocrx_word' id='word_1_131' title='bbox 2024 1085 2063 1112; x_wconf 90' lang='lat' dir='ltr'><strong>et</strong></span> 
     </span>
     <span class='ocr_line' id='line_1_14' title="bbox 147 1144 2063 1195; baseline 0 -13"><span class='ocrx_word' id='word_1_132' title='bbox 147 1144 284 1193; x_wconf 83' lang='lat' dir='ltr'><strong>passi-vi</strong></span> <span class='ocrx_word' id='word_1_133' title='bbox 319 1154 357 1182; x_wconf 91' lang='lat' dir='ltr'><strong>et</strong></span> <span class='ocrx_word' id='word_1_134' title='bbox 395 1146 506 1183; x_wconf 91' lang='lat' dir='ltr'><strong>medii</strong></span> <span class='ocrx_word' id='word_1_135' title='bbox 542 1146 702 1183; x_wconf 89' lang='lat' dir='ltr'><strong>aoristus</strong></span> <span class='ocrx_word' id='word_1_136' title='bbox 740 1146 970 1195; x_wconf 85' lang='lat' dir='ltr'><strong>compositus</strong></span> <span class='ocrx_word' id='word_1_137' title='bbox 1013 1145 1133 1183; x_wconf 81' lang='lat' dir='ltr'><strong>excoli</strong></span> <span class='ocrx_word' id='word_1_138' title='bbox 1166 1154 1204 1183; x_wconf 90' lang='lat' dir='ltr'><strong>et</strong></span> <span class='ocrx_word' id='word_1_139' title='bbox 1241 1145 1419 1194; x_wconf 83' lang='lat' dir='ltr'><strong>divulgari</strong></span> <span class='ocrx_word' id='word_1_140' title='bbox 1454 1155 1612 1195; x_wconf 86' lang='lat' dir='ltr'><strong>coeptus</strong></span> <span class='ocrx_word' id='word_1_141' title='bbox 1652 1156 1720 1189; x_wconf 88' lang='lat' dir='ltr'><strong>est,</strong></span> <span class='ocrx_word' id='word_1_142' title='bbox 1759 1155 1798 1182; x_wconf 95' lang='lat' dir='ltr'><strong>ut</strong></span> <span class='ocrx_word' id='word_1_143' title='bbox 1835 1159 2063 1195; x_wconf 89' lang='lat' dir='ltr'><strong>quamquam</strong></span> 
     </span>
     <span class='ocr_line' id='line_1_15' title="bbox 148 1216 2065 1264; baseline 0.001 -13"><span class='ocrx_word' id='word_1_144' title='bbox 148 1223 389 1264; x_wconf 86' lang='lat' dir='ltr'><strong>augmentum</strong></span> <span class='ocrx_word' id='word_1_145' title='bbox 422 1216 577 1252; x_wconf 88' lang='lat' dir='ltr'><strong>abesset</strong></span> <span class='ocrx_word' id='word_1_146' title='bbox 614 1223 739 1252; x_wconf 89' lang='lat' dir='ltr'><strong>tamen</strong></span> <span class='ocrx_word' id='word_1_147' title='bbox 772 1224 929 1264; x_wconf 88' lang='lat' dir='ltr'><strong>propter</strong></span> <span class='ocrx_word' id='word_1_148' title='bbox 960 1216 1083 1264; x_wconf 86' lang='lat' dir='ltr'><strong>stirpis</strong></span> <span class='ocrx_word' id='word_1_149' title='bbox 1133 1229 1257 1252; x_wconf 87' lang='lat' dir='ltr'><strong>merae</strong></span> <span class='ocrx_word' id='word_1_150' title='bbox 1293 1217 1560 1252; x_wconf 88' lang='lat' dir='ltr'><strong>incrementum</strong></span> <span class='ocrx_word' id='word_1_151' title='bbox 1597 1216 1758 1253; x_wconf 76' lang='lat' dir='ltr'><strong>alienam</strong></span> <span class='ocrx_word' id='word_1_152' title='bbox 1801 1217 1993 1252; x_wconf 87' lang='lat' dir='ltr'><strong>notionem</strong></span> <span class='ocrx_word' id='word_1_153' title='bbox 2031 1217 2065 1252; x_wconf 89' lang='lat' dir='ltr'><strong>in</strong></span> 
     </span>
     <span class='ocr_line' id='line_1_16' title="bbox 147 1282 2065 1335; baseline 0.001 -15"><span class='ocrx_word' id='word_1_154' title='bbox 147 1282 209 1319; x_wconf 89' lang='lat' dir='ltr'><strong>illo</strong></span> <span class='ocrx_word' id='word_1_155' title='bbox 239 1284 378 1329; x_wconf 80' lang='lat' dir='ltr'><strong>sentire</strong></span> <span class='ocrx_word' id='word_1_156' title='bbox 406 1286 526 1335; x_wconf 85' lang='lat' dir='ltr'><strong>magis</strong></span> <span class='ocrx_word' id='word_1_157' title='bbox 555 1286 753 1334; x_wconf 80' lang='lat' dir='ltr'><strong>magisque</strong></span> <span class='ocrx_word' id='word_1_158' title='bbox 792 1286 827 1321; x_wconf 93' lang='lat' dir='ltr'><strong>in</strong></span> <span class='ocrx_word' id='word_1_159' title='bbox 866 1285 945 1321; x_wconf 90' lang='lat' dir='ltr'><strong>dies</strong></span> <span class='ocrx_word' id='word_1_160' title='bbox 978 1285 1145 1321; x_wconf 89' lang='lat' dir='ltr'><strong>homines</strong></span> <span class='ocrx_word' id='word_1_161' title='bbox 1190 1293 1458 1322; x_wconf 82' lang='lat' dir='ltr'><strong>assuescerent.</strong></span> <span class='ocrx_word' id='word_1_162' title='bbox 1517 1286 1647 1333; x_wconf 88' lang='lat' dir='ltr'><strong>Itaque</strong></span> <span class='ocrx_word' id='word_1_163' title='bbox 1682 1286 1715 1322; x_wconf 90' lang='lat' dir='ltr'><strong>in</strong></span> <span class='ocrx_word' id='word_1_164' title='bbox 1749 1286 1955 1325; x_wconf 86' lang='lat' dir='ltr'><strong>accusativi</strong></span> <span class='ocrx_word' id='word_1_165' title='bbox 1984 1299 2065 1322; x_wconf 89' lang='lat' dir='ltr'><strong>cum</strong></span> 
     </span>
     <span class='ocr_line' id='line_1_17' title="bbox 147 1353 2063 1403; baseline 0.001 -13"><span class='ocrx_word' id='word_1_166' title='bbox 147 1353 321 1391; x_wconf 89' lang='lat' dir='ltr'><strong>infinitivo</strong></span> <span class='ocrx_word' id='word_1_167' title='bbox 349 1367 445 1403; x_wconf 87' lang='lat' dir='ltr'><strong>quas</strong></span> <span class='ocrx_word' id='word_1_168' title='bbox 474 1355 602 1392; x_wconf 87' lang='lat' dir='ltr'><strong>dicunt</strong></span> <span class='ocrx_word' id='word_1_169' title='bbox 634 1355 827 1392; x_wconf 87' lang='lat' dir='ltr'><strong>structuris</strong></span> <span class='ocrx_word' id='word_1_170' title='bbox 862 1355 965 1391; x_wconf 88' lang='lat' dir='ltr'><strong>huius</strong></span> <span class='ocrx_word' id='word_1_171' title='bbox 1002 1354 1171 1402; x_wconf 85' lang='lat' dir='ltr'><strong>exempla</strong></span> <span class='ocrx_word' id='word_1_172' title='bbox 1206 1354 1424 1403; x_wconf 88' lang='lat' dir='ltr'><strong>quaerenda</strong></span> <span class='ocrx_word' id='word_1_173' title='bbox 1458 1355 1565 1391; x_wconf 89' lang='lat' dir='ltr'><strong>nobis</strong></span> <span class='ocrx_word' id='word_1_174' title='bbox 1600 1363 1683 1391; x_wconf 91' lang='lat' dir='ltr'><strong>sunt</strong></span> <span class='ocrx_word' id='word_1_175' title='bbox 1715 1364 1754 1392; x_wconf 93' lang='lat' dir='ltr'><strong>et</strong></span> <span class='ocrx_word' id='word_1_176' title='bbox 1790 1355 1949 1391; x_wconf 86' lang='lat' dir='ltr'><strong>maxime</strong></span> <span class='ocrx_word' id='word_1_177' title='bbox 1987 1355 2063 1403; x_wconf 91' lang='lat' dir='ltr'><strong>qui—</strong></span> 
     </span>
     <span class='ocr_line' id='line_1_18' title="bbox 150 1424 1028 1472; baseline -0.001 -12"><span class='ocrx_word' id='word_1_178' title='bbox 150 1424 237 1460; x_wconf 88' lang='lat' dir='ltr'><strong>dem</strong></span> <span class='ocrx_word' id='word_1_179' title='bbox 264 1432 352 1472; x_wconf 92' lang='lat' dir='ltr'><strong>post</strong></span> <span class='ocrx_word' id='word_1_180' title='bbox 380 1425 496 1461; x_wconf 91' lang='lat' dir='ltr'><strong>verba</strong></span> <span class='ocrx_word' id='word_1_181' title='bbox 524 1424 738 1461; x_wconf 81' lang='lat' dir='ltr'><strong>declarandi</strong></span> <span class='ocrx_word' id='word_1_182' title='bbox 769 1433 809 1460; x_wconf 90' lang='lat' dir='ltr'><strong>et</strong></span> <span class='ocrx_word' id='word_1_183' title='bbox 836 1424 1028 1460; x_wconf 88' lang='lat' dir='ltr'><strong>sentiendi.</strong></span> 
     </span>
    </p>
   </div>
   <div class='ocr_carea' id='block_1_8' title="bbox 146 1507 2067 1974">
    <p class='ocr_par' dir='ltr' id='par_1_8' title="bbox 146 1507 2067 1974">
     <span class='ocr_line' id='line_1_19' title="bbox 287 1507 2065 1556; baseline -0.001 -12"><span class='ocrx_word' id='word_1_184' title='bbox 287 1507 447 1555; x_wconf 74' lang='lat' dir='ltr'><strong>‘Neque</strong></span> <span class='ocrx_word' id='word_1_185' title='bbox 477 1520 569 1544; x_wconf 90' lang='lat' dir='ltr'><strong>vero</strong></span> <span class='ocrx_word' id='word_1_186' title='bbox 599 1508 823 1556; x_wconf 90' lang='lat' dir='ltr'><strong>quibusdam</strong></span> <span class='ocrx_word' id='word_1_187' title='bbox 858 1508 951 1544; x_wconf 90' lang='lat' dir='ltr'><strong>Iocis</strong></span> <span class='ocrx_word' id='word_1_188' title='bbox 988 1508 1092 1544; x_wconf 89' lang='lat' dir='ltr'><strong>facile</strong></span> <span class='ocrx_word' id='word_1_189' title='bbox 1132 1517 1189 1544; x_wconf 88' lang='lat' dir='ltr'><strong>est</strong></span> <span class='ocrx_word' id='word_1_190' title='bbox 1224 1508 1423 1543; x_wconf 90' lang='lat' dir='ltr'><strong>diiudicatu</strong></span> <span class='ocrx_word' id='word_1_191' title='bbox 1458 1521 1497 1544; x_wconf 91' lang='lat' dir='ltr'><strong>re</strong></span> <span class='ocrx_word' id='word_1_192' title='bbox 1528 1521 1620 1544; x_wconf 85' lang='lat' dir='ltr'><strong>vera</strong></span> <span class='ocrx_word' id='word_1_193' title='bbox 1648 1517 1794 1556; x_wconf 90' lang='lat' dir='ltr'><strong>tempus</strong></span> <span class='ocrx_word' id='word_1_194' title='bbox 1822 1508 2065 1556; x_wconf 90' lang='lat' dir='ltr'><strong>praeteritum</strong></span> 
     </span>
     <span class='ocr_line' id='line_1_20' title="bbox 149 1575 2064 1626; baseline -0.001 -14"><span class='ocrx_word' id='word_1_195' title='bbox 149 1575 269 1612; x_wconf 86' lang='lat' dir='ltr'><strong>subsit</strong></span> <span class='ocrx_word' id='word_1_196' title='bbox 295 1589 421 1619; x_wconf 87' lang='lat' dir='ltr'><strong>necne,</strong></span> <span class='ocrx_word' id='word_1_197' title='bbox 451 1575 551 1613; x_wconf 84' lang='lat' dir='ltr'><strong>velut</strong></span> <span class='ocrx_word' id='word_1_198' title='bbox 579 1576 673 1613; x_wconf 88' lang='lat' dir='ltr'><strong>Cho.</strong></span> <span class='ocrx_word' id='word_1_199' title='bbox 707 1588 794 1624; x_wconf 81' lang='lat'><em>527,</em></span> <span class='ocrx_word' id='word_1_200' title='bbox 827 1577 888 1613; x_wconf 92' lang='lat' dir='ltr'><strong>ubi</strong></span> <span class='ocrx_word' id='word_1_201' title='bbox 926 1577 1250 1624; x_wconf 87' lang='lat' dir='ltr'><strong>Clytaemnestrae</strong></span> <span class='ocrx_word' id='word_1_202' title='bbox 1287 1577 1471 1612; x_wconf 89' lang='lat' dir='ltr'><strong>somnium</strong></span> <span class='ocrx_word' id='word_1_203' title='bbox 1510 1590 1532 1612; x_wconf 85' lang='lat' dir='ltr'><strong>a</strong></span> <span class='ocrx_word' id='word_1_204' title='bbox 1568 1577 1670 1613; x_wconf 88' lang='lat' dir='ltr'><strong>chori</strong></span> <span class='ocrx_word' id='word_1_205' title='bbox 1702 1578 1905 1626; x_wconf 83' lang='lat' dir='ltr'><strong>virginibus</strong></span> <span class='ocrx_word' id='word_1_206' title='bbox 1934 1576 2064 1612; x_wconf 87' lang='lat' dir='ltr'><strong>Oresti</strong></span> 
     </span>
     <span class='ocr_line' id='line_1_21' title="bbox 151 1643 2067 1695; baseline -0.001 -13"><span class='ocrx_word' id='word_1_207' title='bbox 151 1655 363 1683; x_wconf 84' lang='lat' dir='ltr'><strong>enarratur:</strong></span> <span class='ocrx_word' id='word_1_208' title='bbox 396 1655 513 1682; x_wconf 78' lang='grc' dir='ltr'><em>τεκεῖν</em></span> <span class='ocrx_word' id='word_1_209' title='bbox 541 1645 705 1695; x_wconf 70' lang='grc' dir='ltr'><em>δράκοντ’</em></span> <span class='ocrx_word' id='word_1_210' title='bbox 734 1648 857 1691; x_wconf 73' lang='grc' dir='ltr'><em>ἔδοξεν</em></span> <span class='ocrx_word' id='word_1_211' title='bbox 886 1645 937 1689; x_wconf 59' lang='grc' dir='ltr'><strong>ὡς</strong></span> <span class='ocrx_word' id='word_1_212' title='bbox 964 1645 1056 1693; x_wconf 64' lang='grc' dir='ltr'><strong>αὐτὴ</strong></span> <span class='ocrx_word' id='word_1_213' title='bbox 1086 1648 1177 1693; x_wconf 64' lang='grc' dir='ltr'><em>λέγει</em></span> <span class='ocrx_word' id='word_1_214' title='bbox 1216 1668 1262 1672; x_wconf 83' lang='lat'><strong>——</strong></span> <span class='ocrx_word' id='word_1_215' title='bbox 1292 1660 1324 1683; x_wconf 79' lang='lat' dir='ltr'><strong>v.</strong></span> <span class='ocrx_word' id='word_1_216' title='bbox 1358 1657 1432 1692; x_wconf 83' lang='lat'><strong>529</strong></span> <span class='ocrx_word' id='word_1_217' title='bbox 1472 1648 1510 1682; x_wconf 72' lang='grc' dir='ltr'><strong>ἐν</strong></span> <span class='ocrx_word' id='word_1_218' title='bbox 1543 1645 1780 1694; x_wconf 70' lang='grc' dir='ltr'><em>σπαργάνοισι</em></span> <span class='ocrx_word' id='word_1_219' title='bbox 1809 1646 1938 1689; x_wconf 68' lang='grc' dir='ltr'><em>παιδὸς</em></span> <span class='ocrx_word' id='word_1_220' title='bbox 1966 1643 2067 1693; x_wconf 82' lang='grc' dir='ltr'><em>ὁρμί-</em></span> 
     </span>
     <span class='ocr_line' id='line_1_22' title="bbox 146 1714 2065 1766; baseline 0 -15"><span class='ocrx_word' id='word_1_221' title='bbox 146 1728 207 1752; x_wconf 88' lang='grc' dir='ltr'><strong>σαι</strong></span> <span class='ocrx_word' id='word_1_222' title='bbox 225 1717 336 1764; x_wconf 79' lang='grc' dir='ltr'><em>ὃίκην.</em></span> <span class='ocrx_word' id='word_1_223' title='bbox 393 1716 488 1753; x_wconf 91' lang='lat' dir='ltr'><strong>Turn</strong></span> <span class='ocrx_word' id='word_1_224' title='bbox 509 1717 641 1753; x_wconf 89' lang='lat' dir='ltr'><strong>chorus</strong></span> <span class='ocrx_word' id='word_1_225' title='bbox 662 1717 802 1766; x_wconf 81' lang='lat' dir='ltr'><strong>pergit:</strong></span> <span class='ocrx_word' id='word_1_226' title='bbox 823 1715 915 1763; x_wconf 68' lang='grc' dir='ltr'><em>αὐτὴ</em></span> <span class='ocrx_word' id='word_1_227' title='bbox 935 1714 1109 1765; x_wconf 77' lang='grc' dir='ltr'><em>προσέσχε</em></span> <span class='ocrx_word' id='word_1_228' title='bbox 1128 1715 1266 1764; x_wconf 49' lang='grc' dir='ltr'><strong>μακόιν</strong></span> <span class='ocrx_word' id='word_1_229' title='bbox 1287 1717 1325 1752; x_wconf 70' lang='grc' dir='ltr'><strong>ἐν</strong></span> <span class='ocrx_word' id='word_1_230' title='bbox 1346 1714 1549 1764; x_wconf 66' lang='grc' dir='ltr'><em>τώνείρατι.</em></span> <span class='ocrx_word' id='word_1_231' title='bbox 1609 1715 1740 1752; x_wconf 88' lang='lat' dir='ltr'><strong>Verbo</strong></span> <span class='ocrx_word' id='word_1_232' title='bbox 1764 1716 1869 1753; x_wconf 89' lang='lat' dir='ltr'><strong>finito</strong></span> <span class='ocrx_word' id='word_1_233' title='bbox 1896 1715 2065 1756; x_wconf 81' lang='lat' dir='ltr'><strong>demum,</strong></span> 
     </span>
     <span class='ocr_line' id='line_1_23' title="bbox 147 1784 2064 1835; baseline -0.001 -12"><span class='ocrx_word' id='word_1_234' title='bbox 147 1786 288 1835; x_wconf 85' lang='lat' dir='ltr'><strong>inquiat</strong></span> <span class='ocrx_word' id='word_1_235' title='bbox 316 1786 507 1835; x_wconf 87' lang='lat' dir='ltr'><strong>quispiam,</strong></span> <span class='ocrx_word' id='word_1_236' title='bbox 537 1788 576 1823; x_wconf 73' lang='grc' dir='ltr'><strong>ἐν</strong></span> <span class='ocrx_word' id='word_1_237' title='bbox 605 1785 797 1835; x_wconf 74' lang='grc' dir='ltr'><em>τώνείρατι</em></span> <span class='ocrx_word' id='word_1_238' title='bbox 826 1787 1012 1823; x_wconf 89' lang='lat' dir='ltr'><strong>adiectum</strong></span> <span class='ocrx_word' id='word_1_239' title='bbox 1043 1795 1110 1827; x_wconf 89' lang='lat' dir='ltr'><strong>est,</strong></span> <span class='ocrx_word' id='word_1_240' title='bbox 1142 1799 1237 1835; x_wconf 84' lang='lat' dir='ltr'><strong>quae</strong></span> <span class='ocrx_word' id='word_1_241' title='bbox 1275 1796 1389 1822; x_wconf 90' lang='lat' dir='ltr'><strong>antea</strong></span> <span class='ocrx_word' id='word_1_242' title='bbox 1422 1785 1599 1822; x_wconf 86' lang='lat' dir='ltr'><strong>infinitivis</strong></span> <span class='ocrx_word' id='word_1_243' title='bbox 1635 1795 1760 1829; x_wconf 63' lang='grc' dir='ltr'><strong>τεκεῖν,</strong></span> <span class='ocrx_word' id='word_1_244' title='bbox 1790 1784 1933 1834; x_wconf 75' lang='grc' dir='ltr'><em>ὁρμίσαι</em></span> <span class='ocrx_word' id='word_1_245' title='bbox 1963 1785 2064 1821; x_wconf 90' lang='lat' dir='ltr'><strong>dicta</strong></span> 
     </span>
     <span class='ocr_line' id='line_1_24' title="bbox 149 1856 2066 1905; baseline 0 -13"><span class='ocrx_word' id='word_1_246' title='bbox 149 1863 235 1892; x_wconf 85' lang='lat' dir='ltr'><strong>sunt</strong></span> <span class='ocrx_word' id='word_1_247' title='bbox 260 1856 402 1893; x_wconf 90' lang='lat' dir='ltr'><strong>somnio</strong></span> <span class='ocrx_word' id='word_1_248' title='bbox 432 1857 662 1893; x_wconf 87' lang='lat' dir='ltr'><strong>antecedere</strong></span> <span class='ocrx_word' id='word_1_249' title='bbox 691 1870 849 1893; x_wconf 91' lang='lat' dir='ltr'><strong>necesse</strong></span> <span class='ocrx_word' id='word_1_250' title='bbox 877 1865 945 1892; x_wconf 92' lang='lat' dir='ltr'><strong>est.</strong></span> <span class='ocrx_word' id='word_1_251' title='bbox 1003 1856 1180 1892; x_wconf 84' lang='lat' dir='ltr'><strong>Attamen</strong></span> <span class='ocrx_word' id='word_1_252' title='bbox 1212 1856 1437 1904; x_wconf 84' lang='lat' dir='ltr'><strong>reprehendi</strong></span> <span class='ocrx_word' id='word_1_253' title='bbox 1473 1857 1626 1904; x_wconf 88' lang='lat' dir='ltr'><strong>nequire</strong></span> <span class='ocrx_word' id='word_1_254' title='bbox 1665 1857 1809 1905; x_wconf 89' lang='lat' dir='ltr'><strong>opinor,</strong></span> <span class='ocrx_word' id='word_1_255' title='bbox 1846 1856 1876 1892; x_wconf 87' lang='lat' dir='ltr'><strong>si</strong></span> <span class='ocrx_word' id='word_1_256' title='bbox 1905 1856 1986 1904; x_wconf 87' lang='lat' dir='ltr'><strong>quis</strong></span> <span class='ocrx_word' id='word_1_257' title='bbox 2016 1856 2066 1892; x_wconf 90' lang='lat' dir='ltr'><strong>ita</strong></span> 
     </span>
     <span class='ocr_line' id='line_1_25' title="bbox 149 1925 2067 1974; baseline 0.001 -13"><span class='ocrx_word' id='word_1_258' title='bbox 149 1925 414 1973; x_wconf 87' lang='lat' dir='ltr'><strong>interpretetur</strong></span> <span class='ocrx_word' id='word_1_259' title='bbox 440 1939 586 1961; x_wconf 91' lang='lat' dir='ltr'><strong>versus:</strong></span> <span class='ocrx_word' id='word_1_260' title='bbox 620 1939 755 1974; x_wconf 89' lang='lat' dir='ltr'><strong>parere</strong></span> <span class='ocrx_word' id='word_1_261' title='bbox 786 1926 989 1962; x_wconf 88' lang='lat' dir='ltr'><strong>draconem</strong></span> <span class='ocrx_word' id='word_1_262' title='bbox 1018 1926 1086 1961; x_wconf 86' lang='lat' dir='ltr'><strong>sibi</strong></span> <span class='ocrx_word' id='word_1_263' title='bbox 1112 1925 1191 1961; x_wconf 89' lang='lat' dir='ltr'><strong>visa</strong></span> <span class='ocrx_word' id='word_1_264' title='bbox 1220 1934 1277 1961; x_wconf 87' lang='lat' dir='ltr'><strong>est</strong></span> <span class='ocrx_word' id='word_1_265' title='bbox 1312 1934 1350 1961; x_wconf 88' lang='lat' dir='ltr'><strong>et</strong></span> <span class='ocrx_word' id='word_1_266' title='bbox 1382 1926 1526 1962; x_wconf 89' lang='lat' dir='ltr'><strong>infantis</strong></span> <span class='ocrx_word' id='word_1_267' title='bbox 1564 1926 1680 1961; x_wconf 90' lang='lat' dir='ltr'><strong>instar</strong></span> <span class='ocrx_word' id='word_1_268' title='bbox 1715 1925 1944 1962; x_wconf 87' lang='lat' dir='ltr'><strong>incunabulis</strong></span> <span class='ocrx_word' id='word_1_269' title='bbox 1982 1939 2067 1962; x_wconf 29' lang='lat' dir='ltr'><strong>conr</strong></span> 
     </span>
    </p>
   </div>
   <div class='ocr_carea' id='block_1_9' title="bbox 156 1993 2003 2044">
    <p class='ocr_par' dir='ltr' id='par_1_9' title="bbox 156 1993 2003 2044">
     <span class='ocr_line' id='line_1_26' title="bbox 156 1993 2003 2044; baseline 0.001 -14"><span class='ocrx_word' id='word_1_270' title='bbox 156 1993 289 2044; x_wconf 81' lang='lat' dir='ltr'><strong>ligare3</strong></span> <span class='ocrx_word' id='word_1_271' title='bbox 317 2008 402 2031; x_wconf 90' lang='lat' dir='ltr'><strong>narn</strong></span> <span class='ocrx_word' id='word_1_272' title='bbox 431 2008 528 2043; x_wconf 89' lang='lat' dir='ltr'><strong>qnae</strong></span> <span class='ocrx_word' id='word_1_273' title='bbox 557 1996 591 2032; x_wconf 92' lang='lat' dir='ltr'><strong>in</strong></span> <span class='ocrx_word' id='word_1_274' title='bbox 620 1996 739 2031; x_wconf 90' lang='lat' dir='ltr'><strong>somni</strong></span> <span class='ocrx_word' id='word_1_275' title='bbox 768 2004 915 2043; x_wconf 85' lang='lat' dir='ltr'><strong>tempus</strong></span> <span class='ocrx_word' id='word_1_276' title='bbox 945 2008 1020 2031; x_wconf 92' lang='lat' dir='ltr'><strong>non</strong></span> <span class='ocrx_word' id='word_1_277' title='bbox 1048 1995 1184 2031; x_wconf 86' lang='lat' dir='ltr'><strong>cadant</strong></span> <span class='ocrx_word' id='word_1_278' title='bbox 1211 2004 1287 2031; x_wconf 88' lang='lat' dir='ltr'><strong>tam</strong></span> <span class='ocrx_word' id='word_1_279' title='bbox 1316 2004 1490 2031; x_wconf 81' lang='lat' dir='ltr'><strong>accurate</strong></span> <span class='ocrx_word' id='word_1_280' title='bbox 1521 1995 1658 2043; x_wconf 79' lang='lat' dir='ltr'><strong>exponi</strong></span> <span class='ocrx_word' id='word_1_281' title='bbox 1686 2008 1760 2031; x_wconf 92' lang='lat' dir='ltr'><strong>non</strong></span> <span class='ocrx_word' id='word_1_282' title='bbox 1791 1994 1925 2032; x_wconf 88' lang='lat' dir='ltr'><strong>solere.</strong></span> <span class='ocrx_word' id='word_1_283' title='bbox 1956 2015 2003 2019; x_wconf 81' lang='lat'>—</span> 
     </span>
    </p>
   </div>
   <div class='ocr_carea' id='block_1_10' title="bbox 153 2075 2069 2256">
    <p class='ocr_par' dir='ltr' id='par_1_10' title="bbox 153 2075 2069 2256">
     <span class='ocr_line' id='line_1_27' title="bbox 314 2075 2066 2128; baseline -0.001 -12"><span class='ocrx_word' id='word_1_284' title='bbox 314 2079 463 2116; x_wconf 80' lang='lat' dir='ltr'><strong>Eadem</strong></span> <span class='ocrx_word' id='word_1_285' title='bbox 492 2079 715 2128; x_wconf 79' lang='lat' dir='ltr'><strong>ambiguitas</strong></span> <span class='ocrx_word' id='word_1_286' title='bbox 743 2079 927 2126; x_wconf 89' lang='lat' dir='ltr'><strong>reperitur</strong></span> <span class='ocrx_word' id='word_1_287' title='bbox 954 2077 1084 2126; x_wconf 86' lang='lat' dir='ltr'><strong>Suppl.</strong></span> <span class='ocrx_word' id='word_1_288' title='bbox 1117 2090 1190 2124; x_wconf 80' lang='lat'><strong>913</strong></span> <span class='ocrx_word' id='word_1_289' title='bbox 1221 2077 1296 2113; x_wconf 58' lang='lat' dir='ltr'><strong>cim?</strong></span> <span class='ocrx_word' id='word_1_290' title='bbox 1317 2075 1338 2124; x_wconf 71' lang='grc' dir='ltr'><em>ἦ</em></span> <span class='ocrx_word' id='word_1_291' title='bbox 1367 2083 1551 2125; x_wconf 55' lang='lat' dir='ltr'><strong>Juvat-adv</strong></span> <span class='ocrx_word' id='word_1_292' title='bbox 1581 2081 1616 2121; x_wconf 61' lang='grc' dir='ltr'><strong>ἐς</strong></span> <span class='ocrx_word' id='word_1_293' title='bbox 1644 2077 1751 2114; x_wconf 73' lang='grc' dir='ltr'><em>πόλιν</em></span> <span class='ocrx_word' id='word_1_294' title='bbox 1780 2081 1898 2122; x_wconf 62' lang='grc' dir='ltr'><strong><em>δοκεῖς</em></strong></span> <span class='ocrx_word' id='word_1_295' title='bbox 1924 2083 2066 2126; x_wconf 75' lang='grc' dir='ltr'><em>μολεῐν;</em></span> 
     </span>
     <span class='ocr_line' id='line_1_28' title="bbox 153 2146 2069 2197; baseline 0.001 -12"><span class='ocrx_word' id='word_1_296' title='bbox 153 2161 200 2185; x_wconf 88' lang='lat' dir='ltr'><strong>an</strong></span> <span class='ocrx_word' id='word_1_297' title='bbox 235 2148 426 2185; x_wconf 88' lang='lat' dir='ltr'><strong>mulierum</strong></span> <span class='ocrx_word' id='word_1_298' title='bbox 458 2149 492 2185; x_wconf 94' lang='lat' dir='ltr'><strong>in</strong></span> <span class='ocrx_word' id='word_1_299' title='bbox 527 2149 655 2185; x_wconf 89' lang='lat' dir='ltr'><strong>urbem</strong></span> <span class='ocrx_word' id='word_1_300' title='bbox 691 2156 728 2184; x_wconf 92' lang='lat' dir='ltr'><strong>te</strong></span> <span class='ocrx_word' id='word_1_301' title='bbox 762 2148 911 2185; x_wconf 88' lang='lat' dir='ltr'><strong>venisse</strong></span> <span class='ocrx_word' id='word_1_302' title='bbox 951 2146 1104 2197; x_wconf 77' lang='lat' dir='ltr'><strong>(venire).</strong></span> <span class='ocrx_word' id='word_1_303' title='bbox 1139 2147 1348 2185; x_wconf 79' lang='lat' dir='ltr'><strong>arbitraris?</strong></span> <span class='ocrx_word' id='word_1_304' title='bbox 1409 2148 1580 2197; x_wconf 87' lang='lat' dir='ltr'><strong>Utroque</strong></span> <span class='ocrx_word' id='word_1_305' title='bbox 1626 2148 1795 2185; x_wconf 90' lang='lat' dir='ltr'><strong>vertendi</strong></span> <span class='ocrx_word' id='word_1_306' title='bbox 1834 2148 1950 2185; x_wconf 92' lang='lat' dir='ltr'><strong>modo</strong></span> <span class='ocrx_word' id='word_1_307' title='bbox 1978 2157 2069 2197; x_wconf 87' lang='lat' dir='ltr'><strong>apta</strong></span> 
     </span>
     <span class='ocr_line' id='line_1_29' title="bbox 155 2218 528 2256; baseline -0.003 0"><span class='ocrx_word' id='word_1_308' title='bbox 155 2218 307 2256; x_wconf 88' lang='lat' dir='ltr'><strong>efficitur</strong></span> <span class='ocrx_word' id='word_1_309' title='bbox 334 2219 528 2256; x_wconf 90' lang='lat' dir='ltr'><strong>sententia.</strong></span> 
     </span>
    </p>
   </div>
   <div class='ocr_carea' id='block_1_11' title="bbox 317 2303 1258 2352">
    <p class='ocr_par' dir='ltr' id='par_1_11' title="bbox 317 2303 1258 2352">
     <span class='ocr_line' id='line_1_30' title="bbox 317 2303 1258 2352; baseline -0.003 -11"><span class='ocrx_word' id='word_1_310' title='bbox 317 2303 512 2341; x_wconf 87' lang='lat' dir='ltr'><strong>Perlucida</strong></span> <span class='ocrx_word' id='word_1_311' title='bbox 541 2316 586 2340; x_wconf 89' lang='lat' dir='ltr'><strong>ac</strong></span> <span class='ocrx_word' id='word_1_312' title='bbox 616 2311 717 2340; x_wconf 88' lang='lat' dir='ltr'><strong>certa</strong></span> <span class='ocrx_word' id='word_1_313' title='bbox 748 2316 916 2352; x_wconf 85' lang='lat' dir='ltr'><strong>congero</strong></span> <span class='ocrx_word' id='word_1_314' title='bbox 945 2303 1042 2339; x_wconf 85' lang='lat' dir='ltr'><strong>haec</strong></span> <span class='ocrx_word' id='word_1_315' title='bbox 1072 2304 1258 2351; x_wconf 85' lang='lat' dir='ltr'><strong>exempla:</strong></span> 
     </span>
    </p>
   </div>
   <div class='ocr_carea' id='block_1_12' title="bbox 156 2384 2068 2645">
    <p class='ocr_par' dir='ltr' id='par_1_12' title="bbox 156 2384 2068 2645">
     <span class='ocr_line' id='line_1_31' title="bbox 319 2384 2067 2437; baseline -0.001 -12"><span class='ocrx_word' id='word_1_316' title='bbox 319 2388 421 2426; x_wconf 89' lang='lat' dir='ltr'><strong>Pers.</strong></span> <span class='ocrx_word' id='word_1_317' title='bbox 456 2400 530 2425; x_wconf 90' lang='lat'><strong>200</strong></span> <span class='ocrx_word' id='word_1_318' title='bbox 557 2391 615 2424; x_wconf 80' lang='grc' dir='ltr'><strong>καὶ</strong></span> <span class='ocrx_word' id='word_1_319' title='bbox 643 2391 758 2424; x_wconf 82' lang='grc' dir='ltr'><em>ταῦτα</em></span> <span class='ocrx_word' id='word_1_320' title='bbox 785 2390 852 2435; x_wconf 72' lang='grc' dir='ltr'><strong>μὲν</strong></span> <span class='ocrx_word' id='word_1_321' title='bbox 880 2387 923 2435; x_wconf 72' lang='grc' dir='ltr'><strong>δὴ</strong></span> <span class='ocrx_word' id='word_1_322' title='bbox 951 2388 1083 2431; x_wconf 70' lang='grc' dir='ltr'><strong><em>νυκτὸς</em></strong></span> <span class='ocrx_word' id='word_1_323' title='bbox 1111 2389 1254 2424; x_wconf 66' lang='grc' dir='ltr'><strong>εἰσιδεῖν</strong></span> <span class='ocrx_word' id='word_1_324' title='bbox 1284 2384 1378 2434; x_wconf 73' lang='grc' dir='ltr'><strong>λέγω</strong></span> <span class='ocrx_word' id='word_1_325' title='bbox 1406 2396 1490 2424; x_wconf 86' lang='lat' dir='ltr'><strong>sunt</strong></span> <span class='ocrx_word' id='word_1_326' title='bbox 1517 2388 1635 2425; x_wconf 84' lang='lat' dir='ltr'><strong>verba</strong></span> <span class='ocrx_word' id='word_1_327' title='bbox 1662 2388 1832 2437; x_wconf 72' lang='lat' dir='ltr'><strong>Atossae</strong></span> <span class='ocrx_word' id='word_1_328' title='bbox 1862 2397 2067 2437; x_wconf 86' lang='lat' dir='ltr'><strong>postquam</strong></span> 
     </span>
     <span class='ocr_line' id='line_1_32' title="bbox 156 2456 2061 2507; baseline -0.001 -12"><span class='ocrx_word' id='word_1_329' title='bbox 156 2456 239 2505; x_wconf 84' lang='lat' dir='ltr'><strong>eum</strong></span> <span class='ocrx_word' id='word_1_330' title='bbox 266 2458 418 2495; x_wconf 88' lang='lat' dir='ltr'><strong>senibus</strong></span> <span class='ocrx_word' id='word_1_331' title='bbox 455 2458 535 2504; x_wconf 88' lang='lat' dir='ltr'><strong>visa</strong></span> <span class='ocrx_word' id='word_1_332' title='bbox 567 2458 793 2493; x_wconf 87' lang='lat' dir='ltr'><strong>somniorum</strong></span> <span class='ocrx_word' id='word_1_333' title='bbox 826 2457 1119 2494; x_wconf 89' lang='lat' dir='ltr'><strong>communicavit.</strong></span> <span class='ocrx_word' id='word_1_334' title='bbox 1180 2457 1301 2503; x_wconf 78' lang='lat' dir='ltr'><strong>Quam</strong></span> <span class='ocrx_word' id='word_1_335' title='bbox 1331 2457 1380 2493; x_wconf 89' lang='lat' dir='ltr'><strong>ad</strong></span> <span class='ocrx_word' id='word_1_336' title='bbox 1415 2457 1576 2493; x_wconf 88' lang='lat' dir='ltr'><strong>eandem</strong></span> <span class='ocrx_word' id='word_1_337' title='bbox 1609 2471 1687 2494; x_wconf 90' lang='lat' dir='ltr'><strong>rem</strong></span> <span class='ocrx_word' id='word_1_338' title='bbox 1723 2459 1887 2507; x_wconf 88' lang='lat' dir='ltr'><strong>pertinet</strong></span> <span class='ocrx_word' id='word_1_339' title='bbox 1918 2472 1954 2495; x_wconf 92' lang='lat' dir='ltr'><strong>v.</strong></span> <span class='ocrx_word' id='word_1_340' title='bbox 1995 2470 2061 2494; x_wconf 85' lang='lat'><strong>221</strong></span> 
     </span>
     <span class='ocr_line' id='line_1_33' title="bbox 159 2524 2068 2578; baseline 0.001 -14"><span class='ocrx_word' id='word_1_341' title='bbox 159 2530 324 2577; x_wconf 83' lang='grc' dir='ltr'><em>Δαρεῖον,</em></span> <span class='ocrx_word' id='word_1_342' title='bbox 351 2524 461 2575; x_wconf 84' lang='grc' dir='ltr'><em>ὅνπερ</em></span> <span class='ocrx_word' id='word_1_343' title='bbox 489 2526 560 2573; x_wconf 73' lang='grc' dir='ltr'><strong>φῂς</strong></span> <span class='ocrx_word' id='word_1_344' title='bbox 589 2528 677 2563; x_wconf 73' lang='grc' dir='ltr'><em>[δεῖν</em></span> <span class='ocrx_word' id='word_1_345' title='bbox 704 2525 779 2563; x_wconf 76' lang='grc' dir='ltr'><em>κατ’</em></span> <span class='ocrx_word' id='word_1_346' title='bbox 808 2525 1001 2576; x_wconf 76' lang='grc' dir='ltr'><em>εὐφρόνην.</em></span> <span class='ocrx_word' id='word_1_347' title='bbox 1033 2526 1091 2563; x_wconf 82' lang='lat' dir='ltr'><strong>Ac</strong></span> <span class='ocrx_word' id='word_1_348' title='bbox 1121 2525 1283 2563; x_wconf 86' lang='lat' dir='ltr'><strong>similiter</strong></span> <span class='ocrx_word' id='word_1_349' title='bbox 1303 2526 1389 2564; x_wconf 90' lang='lat' dir='ltr'><strong>ibid.</strong></span> <span class='ocrx_word' id='word_1_350' title='bbox 1412 2540 1444 2564; x_wconf 89' lang='lat' dir='ltr'><strong>V.</strong></span> <span class='ocrx_word' id='word_1_351' title='bbox 1478 2539 1552 2575; x_wconf 83' lang='lat'><strong>432</strong></span> <span class='ocrx_word' id='word_1_352' title='bbox 1579 2527 1700 2578; x_wconf 70' lang='grc' dir='ltr'>(οἶδα).</span> <span class='ocrx_word' id='word_1_353' title='bbox 1723 2540 1813 2575; x_wconf 83' lang='lat'>440.</span> <span class='ocrx_word' id='word_1_354' title='bbox 1837 2532 1909 2576; x_wconf 85' lang='lat'><strong>736</strong></span> <span class='ocrx_word' id='word_1_355' title='bbox 1935 2526 2068 2577; x_wconf 82' lang='grc' dir='ltr'>(φημί).</span> 
     </span>
     <span class='ocr_line' id='line_1_34' title="bbox 164 2595 437 2645; baseline 0 -12"><span class='ocrx_word' id='word_1_356' title='bbox 164 2599 240 2644; x_wconf 83' lang='grc'><strong>564</strong></span> <span class='ocrx_word' id='word_1_357' title='bbox 271 2595 437 2645; x_wconf 76' lang='grc' dir='ltr'>(ἀκούω).</span> 
     </span>
    </p>
   </div>
   <div class='ocr_carea' id='block_1_13' title="bbox 2154 2440 2173 2498">
    <p class='ocr_par' dir='ltr' id='par_1_13' title="bbox 2154 2440 2173 2498">
     <span class='ocr_line' id='line_1_35' title="bbox 2154 2440 2173 2498; baseline 0 0"><span class='ocrx_word' id='word_1_358' title='bbox 2154 2440 2173 2498; x_wconf 60' lang='lat' dir='ltr'>Y</span> 
     </span>
    </p>
   </div>
   <div class='ocr_carea' id='block_1_14' title="bbox 2167 2503 2172 2517">
    <p class='ocr_par' dir='ltr' id='par_1_14' title="bbox 2167 2503 2172 2517">
     <span class='ocr_line' id='line_1_36' title="bbox 2167 2503 2172 2517; baseline 0 0"><span class='ocrx_word' id='word_1_359' title='bbox 2167 2503 2172 2517; x_wconf 63' lang='lat' dir='ltr'><strong>i</strong></span> 
     </span>
    </p>
   </div>
   <div class='ocr_carea' id='block_1_15' title="bbox 2127 2446 2208 2581">
    <p class='ocr_par' dir='ltr' id='par_1_15' title="bbox 2127 2446 2208 2581">
     <span class='ocr_line' id='line_1_37' title="bbox 2127 2446 2208 2581; baseline 0 -39"><span class='ocrx_word' id='word_1_360' title='bbox 2127 2446 2208 2581; x_wconf 55' lang='lat' dir='ltr'><strong>„i</strong></span> 
     </span>
    </p>
   </div>
  </div>
 </body>
</html>
