2285 2900
1100 130 1141 153 22

149 232 248 267 Pers.
280 242 370 277 437.
402 230 516 267 τοιάδ’
544 230 596 267 ἐπ’
624 230 761 274 αὐτοὺς
789 230 880 279 ἦλθε
908 233 1078 281 συμφορὰ
1110 233 1253 276 πάθους
1278 235 1281 280 Ι
1308 231 1359 275 (ὸς
1394 234 1513 269 τοῖσδε
1541 235 1598 268 καὶ
1629 234 1682 275 δὶς
1709 231 1957 279 ἀντισηκῶσαι
1986 232 2088 280 ῥοπῇ.

154 323 204 327 -—
235 300 343 336 Eum.
375 310 467 346 427.
497 304 578 343 πῶς
606 301 674 349 γὰρ
702 306 859 338 τοσοῦτο
889 304 1043 350 κέντρον
1070 300 1122 345 (ὃς
1148 310 1429 349 μητροκτο·νεῑν;
1459 301 1605 348 Quibus
1640 299 1830 350 exemplis,
1859 309 1898 337 ut
1928 298 2024 336 ὥστε
2052 309 2091 336 et

147 367 199 413 ὡς
226 369 322 406 inter
353 381 396 406 se
426 382 502 406 non
532 370 754 419 discrepare
785 370 982 420 intellegas
1013 370 1176 407 addatur
1204 384 1335 407 versus
1365 370 1441 420 Ag.
1481 380 1596 417 1075:
1630 370 1674 406 οὗ
1702 370 1770 418 γάρ
1797 373 1964 411 τοιοῦτος
1993 366 2090 404 (ὅστε

148 429 336 486 θρηνητῖοῦ
365 447 498 484 τυχεῖν.
2059 483 2062 485 ‚

312 507 350 544 Si
382 508 417 545 in
449 522 557 545 usum
588 510 759 546 vocabuli
792 507 888 546 ὥστε
922 508 1048 558 paullo
1089 509 1301 545 accuratius
1341 509 1554 558 inquirimus
1591 509 1693 558 apud
1731 507 1969 556 ,Aeschylum
2004 520 2087 544 nus-

146 590 259 624 quam
281 577 318 613 id
335 578 498 614 occurrit
513 578 660 614 dicendi
676 591 810 626 genus,
829 592 875 615 ex
892 591 967 626 quo
984 587 1071 626 post
1087 579 1382 626 comparativum
1399 578 1422 625 ἢ
1439 577 1534 615 ὥστε
1564 592 1645 614 cum
1661 578 1837 614 infinitivo
1854 577 2089 614 consociatur

146 647 246 682 velut
266 646 301 683 in
320 646 396 683 hoc
418 649 603 696 exemplo,
626 645 645 682 ὁ
662 647 794 695 χρόνος
813 647 947 695 &oali-g
964 644 1061 683 ὥστε
1078 647 1191 692 ἀξίως
1207 648 1448 695 διηγήσασθαι
1465 648 1509 683 τὰ
1523 649 1741 695 πραχθέντα.
1762 647 1909 683 Desunt
1926 646 2038 683 etiam
2055 646 2089 683 ei

146 715 313 752 infinitivi
342 716 404 764 qui
432 728 554 764 paene
585 716 724 753 eodem
754 717 871 752 modo
901 729 979 764 quo
1008 717 1175 753 infinitivi
1204 726 1293 765 post
1326 714 1423 752 ὥστε
1451 717 1618 765 usurpati
1647 715 1861 765 explicandi
1890 724 1985 758 sunt,
2013 715 2087 752 infi-

145 784 285 823 nitivos
321 785 407 822 dico
442 795 532 834 post
566 785 619 832 ἐφ’
654 781 694 833 ᾧ,
731 785 784 832 ἐφ’
821 781 904 833 ᾧτε,
939 799 1037 835 quae
1075 795 1285 824 structurae
1323 799 1345 823 a
1383 786 1512 823 Curtio
1551 785 1731 834 (Gramm.
1769 785 1904 822 Graec.
1939 783 1962 838 ξ
1992 784 2089 836 601)

145 855 198 892 ita
226 855 478 897 declarantur,
507 865 545 891 ut
575 856 673 892 idem
701 857 863 900 valeant,
895 856 1016 904 quod:
1049 859 1105 893 ἐπὶ
1136 857 1258 904 τούτῳ
1287 854 1392 892 ὥστε.

313 939 447 977 Altera
475 939 660 989 particula
689 940 935 976 consecutiva
971 938 1023 983 (ὃς
1058 950 1147 989 post
1182 954 1248 977 eas
1276 939 1510 988 potissimum
1547 940 1762 977 locutiones
1791 939 1915 978 locum
1942 940 2085 977 habere

146 1008 254 1052 solet,
284 1022 386 1057 quae.
411 1010 563 1057 gradus,
602 1018 641 1045 ut
678 1010 727 1045 ita
763 1009 895 1050 dicam,
940 1009 1252 1058 significationem
1288 1010 1321 1045 in
1358 1023 1400 1045 se
1439 1009 1641 1045 continent.
1701 1009 1830 1055 Quare
1864 1009 2086 1057 saepissime

146 1079 332 1127 reperitur
361 1088 451 1127 post
479 1078 664 1115 adiectiva
698 1082 884 1121 τοσοῦτος,
922 1078 1066 1115 τοιόσδε
1102 1088 1140 1115 et
1174 1079 1342 1115 eiusdem
1376 1078 1526 1126 generis
1562 1078 1754 1115 adverbia.
1822 1078 1951 1127 Atque
1986 1077 2086 1126 apud

146 1147 358 1186 Homerum
385 1149 446 1185 vel
475 1149 594 1184 nudus
622 1148 815 1184 infinitivus
844 1157 935 1196 post
966 1148 1150 1184 eiusmodi
1179 1147 1364 1184 vocabula
1393 1148 1653 1183 usitatissimus
1684 1156 1761 1184 est:
1792 1147 1893 1195 apud
1915 1147 2085 1194 Aeschy-

146 1216 220 1253 lum
257 1231 352 1254 vero
388 1217 506 1254 semel
540 1226 678 1253 tantum
714 1217 812 1253 haec
852 1218 1088 1253 constructio
1123 1219 1305 1254 invenitur
1341 1227 1429 1265 post
1466 1212 1548 1259 ὦδε,
1583 1216 1657 1265 Ag.
1692 1218 1781 1262 482,
1816 1230 1926 1265 quem
1963 1218 2086 1254 locum

147 1287 221 1323 iam
250 1300 364 1335 supra
395 1294 443 1335 (p.
478 1287 539 1332 21)
570 1285 802 1323 laudavimus
832 1294 870 1323 et
900 1286 1180 1335 exscripsimus:
1218 1286 1296 1323 aliis
1332 1286 1392 1336 qui
1423 1294 1572 1322 exstant
1599 1286 1691 1322 locis
1721 1283 1817 1322 ὥστε
1845 1287 1904 1322 vel
1933 1283 1985 1328 ὠς
2012 1284 2085 1322 infi-

145 1356 262 1393 nitivo
306 1356 506 1398 antecedit,
550 1366 588 1393 ut
631 1356 705 1404 Ag.
759 1366 870 1402 1075.
917 1355 1013 1392 Cho.
1062 1360 1150 1403 567.
1194 1356 1300 1392 Eum.
1340 1366 1430 1401 427.
1490 1355 1620 1392 Nudus
1649 1369 1742 1392 sane
1771 1355 1967 1392 infinitivus
1997 1363 2087 1404 post

146 1425 223 1469 οἶός
251 1428 292 1462 τέ
319 1428 390 1473 εἰμι
420 1434 457 1462 et
487 1425 563 1462 οἶόν
594 1427 634 1461 τέ
662 1427 763 1461 ἐστιν
791 1434 1000 1473 usurpatur,
1030 1439 1130 1474 quae
1162 1426 1320 1473 phrases
1351 1425 1488 1461 eodem
1521 1424 1637 1461 modo
1667 1434 1781 1473 atque
1811 1422 1907 1461 (ὅστε
1937 1424 2084 1460 confor-

145 1504 274 1532 matae
304 1504 404 1539 sunt;
433 1495 639 1532 obscurata
673 1503 797 1531 tamen
835 1495 931 1531 haec
969 1495 1078 1542 origo
1118 1503 1176 1531 est
1209 1508 1275 1531 usu
1304 1495 1529 1544 posteriore,
1563 1503 1602 1530 ut
1630 1496 1741 1543 plane
1772 1483 1928 1530 easdem
1957 1503 2087 1542 partes

146 1577 244 1612 quas
273 1564 440 1611 δύναμαι,
471 1565 550 1610 ἔχω,
581 1565 774 1610 ἐνδέχεται,
804 1563 876 1599 alia
905 1565 1126 1600 sustineant.

312 1637 345 1670 cl
376 1633 449 1670 De
487 1633 757 1669 infinitivi
799 1646 894 1670 usu
938 1633 1102 1670 finali.

312 1711 407 1748 Huic
450 1721 573 1748 autern
616 1712 696 1748 usui
741 1712 993 1748 consecutivo
1037 1713 1240 1748 admodum
1283 1713 1425 1749 vicinus
1469 1725 1514 1749 ac
1559 1713 1731 1749 finitimus
1774 1711 1891 1748 finalis
1919 1711 2083 1748 infinitivi

145 1795 234 1817 usus
268 1781 535 1817 existimandus
576 1790 643 1817 est.
710 1781 868 1829 Utrique
901 1782 998 1817 enim
1036 1782 1172 1817 eadem
1210 1782 1287 1817 fere
1325 1791 1384 1818 est
1418 1791 1548 1818 natura
1591 1794 1673 1818 cum
1716 1782 1828 1817 etiam
1860 1781 1940 1817 finis
1973 1793 2084 1828 quern

144 1851 227 1900 quis
257 1851 326 1888 sibi
355 1851 566 1899 proposuit,
599 1851 648 1888 ad
678 1849 766 1888 illud
794 1859 947 1900 spectet
976 1851 1080 1900 quod
1117 1859 1289 1899 ternpore
1325 1850 1447 1888 futuro
1484 1859 1772 1888 consecuturum
1803 1850 1858 1887 sit.
1922 1849 2084 1886 Tantum

142 1924 241 1961 inter
289 1920 361 1957 hos
405 1920 600 1957 infinitivos
645 1921 819 1959 interest.
857 1921 961 1970 quod
998 1921 1174 1958 infinitivo
1211 1921 1455 1957 consecutivo
1489 1920 1631 1957 consilii
1665 1921 1761 1957 ratio
1791 1918 1888 1956 nulla
1915 1920 2085 1960 habetur,

146 1990 325 2027 infinitivo
364 1989 460 2026 finali
483 2004 529 2026 ea
559 1991 825 2038 significantur,
855 2004 953 2039 quae
975 2000 1014 2027 ut
1043 1991 1134 2027 fiant
1169 1999 1274 2026 certo
1304 1991 1468 2038 quodam
1499 1991 1654 2027 consilio
1683 1991 1813 2039 aliquis
1846 1990 1967 2027 utitur.
1998 1989 2084 2036 Qua

142 2061 191 2097 de
219 2072 337 2096 causa
366 2068 403 2096 et
429 2059 464 2096 in
486 2059 621 2096 Latino
652 2073 829 2096 sermone
858 2060 906 2096 ad
940 2069 1138 2108 utramque
1168 2059 1349 2095 rationem
1383 2060 1621 2096 indicandam
1653 2073 1724 2096 una
1753 2068 1875 2096 exstat
1904 2057 2085 2108 particula

146 2137 230 2165 ›ut‹
265 2136 305 2165 et
333 2129 369 2164 in
398 2129 529 2176 priscis
558 2128 706 2177 linguae
743 2129 971 2165 vernaculae
1008 2129 1258 2164 monumentis
1295 2130 1514 2165 vocabulum
1552 2130 1667 2165 ›daz‹
1708 2130 1742 2165 in
1770 2139 1969 2177 utramque
1998 2142 2081 2176 par-

141 2208 217 2235 tem
247 2197 459 2241 adhibetur,
488 2206 528 2234 ut
556 2206 631 2234 tum
659 2197 843 2246 particula
876 2198 991 2235 »daze
1027 2207 1104 2234 turn
1132 2197 1315 2245 particula
1348 2198 1509 2234 »damit«
1543 2198 1652 2235 nobis
1682 2198 1729 2234 sit
1758 2197 1988 2234 vertendum.

308 2280 426 2330 Apud
455 2280 658 2317 Homerum
686 2281 798 2329 igitur
829 2281 890 2317 hic
923 2294 1010 2317 usus
1046 2280 1164 2316 finalis
1200 2281 1378 2318 latissime
1416 2281 1672 2333 diffusus-est.
1732 2282 1778 2317 Et
1809 2282 1971 2317 maxime
2005 2281 2081 2329 qui-

141 2352 227 2387 dem
257 2351 291 2387 ei
323 2349 464 2399 placuit
492 2359 582 2398 post
609 2351 726 2387 verba
754 2351 946 2394 movendi,
985 2361 1024 2387 ut
1060 2363 1136 2398 quo
1174 2350 1328 2387 consilio
1362 2350 1498 2399 aliquid
1528 2351 1703 2391 mittatur,
1734 2351 1900 2392 iaciatur,
1930 2362 2079 2387 movea-

140 2429 198 2458 tur
241 2421 421 2458 infinitivo
463 2420 701 2468 significetur,
744 2420 781 2457 id
824 2420 929 2470 quod
972 2433 1092 2469 saepe
1136 2419 1273 2456 nostris
1301 2419 1511 2456 hominibus
1550 2432 1875 2468 supervacaneum
1904 2429 1944 2457 et
1973 2419 2082 2456 inane

138 2490 286 2527 videtur
329 2503 428 2531 esse,
471 2489 532 2538 qui
575 2489 665 2525 satis
708 2490 845 2526 fecisse
889 2491 958 2526 sibi
1000 2490 1177 2525 videntur
1219 2489 1306 2524 dum
1349 2488 1586 2537 intellegatur
1628 2489 1717 2543 quid
1746 2489 1875 2526 dicant
1903 2498 1942 2526 et
1970 2502 2080 2526 unam

140 2560 291 2597 dicendi
326 2558 480 2596 laudem
511 2567 644 2608 putant
677 2571 763 2595 esse
796 2558 1031 2596 brevitatem.
1098 2558 1326 2595 Declaretur
1359 2570 1419 2595 res
1453 2559 1626 2607 exemplo
1664 2571 1711 2596 ex
1747 2558 1919 2596 Homero
1948 2558 2080 2608 petitO.

142 2629 180 2665 In
207 2627 242 2665 11.
275 2633 315 2671 Φ,
349 2640 424 2665 ι2ο
452 2628 572 2664 verba
603 2627 710 2662 τόνδε
737 2628 944 2674 ποταμόιίἳε
975 2624 1060 2674 ἧκεν
1092 2629 1140 2663 ad
1169 2627 1394 2663 sententiam
1425 2636 1566 2674 poetae
1595 2628 1897 2676 perspiciendam
1926 2640 2081 2676 prorsus
