2285 2900
1121 178 1162 203 10

478 385 564 453 De
614 387 863 474 syntaxi
910 280 1203 454 infiffiiglii
1247 279 1413 473 {ilpud
1458 384 1844 473 Aeschylum.

545 494 581 542 §-
613 495 639 530 l.
698 494 804 543 Quid
832 495 1085 532 statuendum
1109 494 1162 530 sit
1191 495 1240 530 de
1268 494 1425 541 origine
1453 497 1494 529 et
1522 493 1562 529 vi
1590 492 1789 529 infinitivi.

360 576 504 613 Natura
532 576 695 614 infinitivi
725 577 781 614 his
816 578 965 615 demum
999 577 1195 614 decenniis
1230 586 1433 626 postquam
1462 588 1564 612 nova
1593 574 1797 624 linguarum
1835 575 1931 611 inter
1958 586 1999 610 se
2028 585 2127 609 com-

194 646 391 693 paratione
438 648 577 683 multae
605 647 694 683 artis
729 647 998 695 grammaticae
1041 655 1168 694 partes
1201 645 1371 682 illustrari
1407 654 1574 693 coeptae
1609 654 1708 685 sunt.
1751 644 1946 692 patefacta
1977 652 2015 680 et
2045 654 2128 691 per—

196 724 331 763 specta
359 724 429 753 est.
474 716 617 753 Nostra
646 717 755 766 igitur
784 724 910 753 aetate
939 716 1034 752 inter
1063 728 1194 752 omnes
1218 724 1363 752 constat
1392 714 1631 764 plurimisque
1660 713 1952 751 similitudinibus
1979 713 2130 749 demon—

194 793 349 822 stratum
379 794 438 821 est
465 785 561 821 hanc
592 785 694 821 verbi
724 785 892 828 formam,
923 797 1020 833 quae
1050 785 1285 832 proprietate
1306 797 1374 819 sua
1403 784 1499 819 inter
1528 792 1680 819 ceteras
1707 784 1767 819 vel
1794 783 1952 819 maxime
1982 780 2129 818 excellit

195 867 326 891 casum
358 855 549 903 quendam
580 867 668 891 esse
697 853 918 890 substantivi
947 852 1121 892 verbalis.
1153 853 1256 889 cuius
1294 861 1448 889 ceterae
1493 852 1636 888 formae
1665 864 1797 888 omnes
1827 852 2057 894 evanuerint,
2088 851 2126 887 id

194 924 298 971 quod
329 924 465 959 nostris
494 923 726 971 temporibus
755 922 910 970 primum
940 922 1215 970 pronuntiatum
1246 930 1306 956 est
1327 934 1348 956 a
1370 921 1517 968 Boppio
1545 921 1578 956 in
1610 921 1884 968 coniugationis
1919 929 2127 967 systemate

194 992 388 1041 multoque
417 993 490 1029 iam
522 1001 609 1028 ante
640 1000 808 1027 nostrum
840 990 1026 1027 saeculum
1057 1004 1079 1027 a
1109 990 1312 1027 clarissimo
1343 990 1514 1026 Indorum
1542 989 1788 1038 grammatico
1820 988 1947 1026 Panini
1977 989 2126 1026 doctum

193 1070 277 1098 erat
308 1061 354 1098 cf.
385 1060 478 1109 Iolly
509 1075 541 1109 p.
573 1063 680 1108 49¹).

359 1131 396 1166 In
426 1144 473 1166 ea
502 1129 635 1178 lingua,
665 1130 699 1166 in
730 1142 805 1177 qua
835 1138 963 1167 nostra
984 1130 1160 1178 quaestio
1187 1139 1370 1170 versatur.
1401 1143 1447 1166 ea
1482 1138 1624 1166 tantum
1651 1128 1782 1165 suffixa
1811 1136 1999 1170 occurunt,
2029 1140 2127 1176 quae

193 1199 253 1234 vel
297 1197 494 1235 locativum
537 1199 595 1234 vel
639 1198 804 1234 dativum
849 1198 1050 1246 designent
1095 1198 1139 1234 cf.
1185 1198 1352 1235 Curtium
1382 1198 1402 1234 l.
1432 1197 1453 1234 l.
1484 1198 1511 1234 ΙΙ
1542 1211 1578 1246 p.
1617 1210 1701 1243 104.
1774 1197 1872 1233 Nihil
1901 1206 1961 1233 est
1991 1206 2126 1240 autem,

195 1269 299 1316 quod
328 1268 423 1304 inter
451 1267 523 1304 hos
552 1280 662 1303 casus
692 1267 844 1308 intersit,
875 1268 924 1303 de
956 1280 1028 1316 qua
1058 1281 1099 1304 re
1130 1267 1280 1303 Curtius
1307 1266 1412 1303 l.l.11
1442 1280 1465 1315 p
1516 1277 1585 1312 107
1616 1266 1688 1303 hoc
1719 1265 1934 1314 praecepit:
1971 1265 2125 1302 »Natur-

193 1335 266 1373 lich
298 1337 426 1373 wiirde
456 1349 528 1373 von
559 1336 682 1373 einem
715 1336 1229 1385 Bedeutungsunterschiede
1251 1336 1434 1374 zwischen
1464 1350 1571 1384 μεναι
1600 1335 1674 1372 und
1703 1349 1772 1384 μεν
1801 1335 1898 1372 eben
1929 1348 1974 1371 so
2004 1335 2127 1384 wenig

193 1405 256 1441 die
300 1405 410 1442 Rede
454 1405 534 1442 sein
578 1405 739 1446 konnen.
788 1406 857 1442 wie
901 1406 949 1442 im
993 1406 1166 1443 Sanskrit
1210 1406 1397 1442 zwischen
1440 1406 1515 1442 den
1559 1419 1626 1442 aus
1657 1405 1821 1442 Dativen
1851 1405 1925 1441 und
1954 1406 2029 1442 den
2059 1418 2125 1442 aus

195 1475 402 1511 Locativen
445 1484 750 1523 entsprungenen
788 1474 1115 1513 Infinitivformen.«
1193 1475 1303 1512 Hunc
1345 1474 1496 1524 quidem
1531 1474 1565 1511 in
1595 1475 1748 1511 modum
1786 1486 1883 1523 quae
1927 1474 2013 1510 olim
2043 1483 2126 1511 erat

194 1545 290 1580 inter
323 1544 422 1580 viros
460 1544 597 1580 doctos
633 1544 898 1580 controversia
932 1545 1074 1593 optime
1112 1545 1358 1593 componitur.
1421 1544 1519 1580 Nam
1555 1553 1668 1580 antea
1707 1543 1766 1580 alii
1802 1556 1825 1580 a
1864 1544 1946 1580 solo
1987 1544 2125 1585 dativo,

194 1612 252 1648 alii
283 1626 305 1648 a
335 1612 493 1649 locativo
521 1613 731 1649 infinitivum
767 1613 907 1649 ducere
945 1613 1129 1657 solebant,
1164 1622 1204 1649 ut
1240 1613 1346 1661 quasi
1382 1613 1418 1649 in
1453 1613 1547 1649 duas
1585 1621 1714 1660 partes
1754 1612 1821 1648 viri
1859 1612 1964 1649 docti
2004 1612 2123 1649 disee-

194 1683 338 1722 derent.
373 1694 530 1730 quorum
568 1682 737 1730 Boppius
782 1690 955 1729 (gramm.
992 1695 1158 1731 compar.
1196 1682 1248 1724 III,
1289 1693 1363 1729 323
1400 1683 1520 1730 sqq.),
1557 1681 1598 1717 L.
1635 1681 1783 1729 Meyer,
1820 1681 2000 1729 Langius,
2036 1680 2123 1717 Del-

193 1751 391 1800 brueckius
432 1751 608 1793 dativum,
643 1751 802 1792 Curtius.
843 1751 1143 1792 Schoemannus.
1184 1750 1405 1788 Schleicher
1439 1750 1640 1787 locativum
1668 1750 1921 1799 praeferrent,
1962 1750 2011 1787 de
2050 1764 2123 1800 qua

192 1821 428 1858 dissensione
458 1833 504 1858 ac
534 1820 694 1857 discidio
726 1821 954 1870 disputatum
992 1830 1050 1858 est
1080 1835 1102 1857 a
1137 1821 1267 1858 Curtio
1303 1821 1339 1857 in
1376 1819 1702 1870 explanationibus
1733 1821 1782 1857 ad
1815 1833 1970 1870 gramm.
2001 1820 2122 1858 schol.

192 1890 389 1938 scriptis²).

356 1958 470 2006 Quod
504 1971 589 1995 cum
625 1960 676 1996 ita
711 1959 757 1996 sit
792 1959 987 1996 infinitivus
1024 1960 1075 1996 sic
1110 1960 1251 1997 definiri
1295 1969 1443 2008 potest,
1489 1969 1529 1997 ut
1564 1961 1611 1997 sit
1652 1961 1797 1997 dativus
1833 1962 1894 1997 vel
1941 1961 2127 1998 locativus

194 2028 415 2065 substantivi
456 2027 635 2069 verbalis,
674 2027 789 2065 multo
825 2038 949 2065 tamen
987 2029 1140 2078 propius
1175 2042 1288 2077 quam
1323 2038 1456 2066 cetera
1499 2029 1622 2066 omnia
1664 2029 1895 2067 substantiva
1937 2030 1985 2067 ad
2023 2030 2126 2066 verbi

196 2107 364 2135 naturam
397 2098 629 2139 accedentis,
672 2097 708 2134 id
746 2098 848 2147 quod
882 2098 969 2134 inde
1005 2111 1158 2147 quoque
1188 2098 1370 2147 sequitur.
1406 2099 1510 2147 quod
1541 2098 1736 2135 infinitivus
1765 2108 1972 2148 temporum
2002 2099 2125 2147 gradi-

193 2169 263 2203 bus
299 2167 471 2203 definitus
513 2177 590 2208 est,
620 2176 659 2203 ut
704 2167 869 2204 infinitivi
910 2168 1065 2204 actionis
1106 2168 1276 2207 infectae,
1308 2168 1526 2216 perfectae,
1556 2168 1671 2210 futuri,
1700 2169 1829 2206 aoristi
1858 2169 2126 2211 discernantur,

192 2237 330 2274 deinde
359 2237 460 2285 quod
490 2237 638 2274 diversa
668 2236 828 2273 actionis
870 2248 1016 2284 genera
1049 2238 1260 2285 (διαθέσεις)
1293 2250 1339 2273 ea
1371 2237 1488 2274 forma
1522 2238 1674 2286 exprimi
1710 2247 1877 2287 possunt,
1907 2247 1946 2275 ut
1975 2238 2023 2275 sit
2051 2237 2124 2274 infi-

193 2307 324 2342 nitivus
352 2307 474 2347 activi,
503 2307 651 2354 passivi,
682 2306 812 2349 medii3
856 2314 932 2341 tum
969 2307 1070 2354 quod
1107 2306 1281 2342 infinitivo
1320 2307 1448 2355 posito
1480 2308 1686 2345 subiectum
1723 2322 1873 2357 semper
1900 2309 2124 2353 indicatur&

342 2442 362 2484 ¹)
405 2443 431 2483 J.
467 2444 557 2484 lolly,
593 2444 792 2477 Geschichte
823 2445 883 2476 des
914 2445 1072 2478 Infinitivs
1104 2448 1147 2478 im
1175 2448 1520 2488 Indogermanischen.
1585 2449 1751 2481 Munchen
1789 2451 1882 2490 1873.
1928 2449 2026 2480 Viam
2060 2449 2124 2479 iam

411 2499 577 2539 praeierat
613 2500 784 2541 Eugenius
818 2499 1023 2537 Wilhelmus,
1057 2502 1098 2533 de
1132 2501 1284 2533 Infinitivi
1328 2502 1510 2543 linguarum
1548 2503 1727 2535 sanseritae
1756 2508 1817 2535 etc.
1854 2504 1957 2534 sorma
1986 2508 2019 2534 et
2053 2513 2122 2534 usu.

412 2553 536 2585 [senaci
576 2556 666 2595 1872.

340 2615 363 2655 ¹)
410 2613 674 2655 Erlauterungen
702 2627 738 2646 zu
766 2617 891 2647 meiner
914 2616 1141 2656 griechischen
1167 2617 1481 2657 Schulgrammatik,
1507 2619 1558 2648 ed.
1588 2618 1639 2651 111.
1667 2619 1757 2659 Prag.
1789 2619 1882 2658 1876.

338 2672 361 2715 ³)
406 2674 452 2706 Cf.
482 2674 520 2706 G.
546 2676 582 2709 F.
608 2675 830 2713 Schoemann,
857 2687 912 2707 zur
935 2676 1044 2708 Lehre
1068 2688 1146 2709 vom
1170 2677 1320 2709 Infinitiv.
1346 2678 1466 2711 Annal.
1492 2678 1693 2712 Fleckeisen.
1723 2680 1817 2720 1869,
1842 2690 1874 2722 p.
1900 2680 1974 2711 216.
