2285 2900
1107 157 1146 190 32

166 259 315 308 iamque
342 260 443 308 apud
477 258 683 296 Homerum
712 259 825 307 viget.
875 259 1008 307 Longe
1047 268 1172 295 autem
1211 258 1438 295 usitatissimi
1473 266 1558 295 sunt
1591 258 1751 295 infinitivi
1784 258 1846 308 qui
1882 257 2091 306 significant

168 329 310 371 videre,
342 328 483 369 audire.
514 328 660 366 dicere:
690 330 1007 376 οἰκτραῖσιν
1037 327 1156 364 δ’ἰδεῑν
1185 327 1242 364 Pr.
1278 329 1350 374 238
1381 326 1475 364 visui
1504 341 1534 364 s.
1565 327 1732 364 cernenti
1762 325 1993 364 miserandis.
2036 349 2088 354 --

165 398 475 445 τευχιχστὴς
504 399 648 434 ἰδεῖν
675 398 779 446 Sept.
812 402 902 443 644.
933 420 983 423 -
1014 399 1242 444 φοβεροὶ
1276 399 1342 443 μὲν
1378 397 1466 432 ἰδεῖν
1504 398 1606 434 Pers.
1649 409 1705 444 27.
1742 420 1794 424 —-
1825 395 2089 443 εὐφεγγὴς

164 469 252 504 ἰδεῖν
279 468 369 504 Pers
403 469 491 515 387.
527 491 579 495 —
613 469 874 514 ἐκφανεῖς
908 468 996 503 ἰδεῖν
1029 467 1132 504 Pers.
1169 468 1257 513 398.
1295 490 1346 493 —
1382 466 1728 516 διχορρόπως
1764 467 1853 503 ἰδεῖν
1885 465 1959 516 Ag.
1999 477 2086 515 349·

165 562 213 566 —
245 538 334 574 ἰδεῖν
364 535 666 586 ὁμόπτερος
703 537 798 574 Cho.
844 549 927 584 194.
962 559 1013 564 —-
1051 536 1364 585 προσφερὴς
1396 537 1485 574 ἰδεῖν
1519 536 1610 574 Cho.
1654 541 1737 584 176.
1771 559 1823 563 —
1860 534 2088 584 ἄπτεροι

165 608 256 643 ἰδεῖν
283 608 386 644 Eum.
418 619 479 654 51.
513 630 565 634 —-

328 678 385 713 Ex
423 676 656 713 similitudine
692 676 825 712 horum
867 675 1137 713 adiectivorum
1178 676 1267 713 mira
1311 689 1421 725 quam
1459 676 1492 712 in
1538 674 1663 724 Suppl.
1701 689 1735 712 v.
1777 687 1853 723 7²0
1885 674 2088 713 invenimus

165 755 353 782 structura
391 746 546 794 prodiit:
590 745 720 793 ἄνδρες
753 745 846 781 νάϊοι
877 749 1107 792 μελαγχίμοις
1142 749 1271 792 γυίοισι
1309 749 1451 780 λευκῶν
1479 747 1517 780 ἐκ
1548 745 1807 791 πεπλωμάτων
1843 746 1943 789 ἰδεῖν,
1981 744 2089 793 quasi

165 815 437 852 antecessisset
466 815 703 851 λευκόπεπλοι
747 821 801 863 (ut
845 813 938 851 Cho.
973 826 1072 860 1049
1108 814 1242 851 Furiae
1277 813 1533 850 describuntur
1561 825 1659 850 voce
1699 817 1947 860 φαιοχίτωνες,
1980 813 2086 851 Eum.

168 897 241 932 375
276 885 469 921 Furiarum
511 886 635 931 ἔφοδοι
678 884 844 920 dicuntur
872 887 1155 933 μελανείμονες.)

331 953 525 1002 ε’ὐπροσ
542 954 659 1001 ω’πφ
686 957 787 1001 κοίτᾳ
817 953 858 988 τὸ
886 957 960 989 πᾶν
987 954 1077 989 ἰδεῖν
1105 952 1254 989 ἀκοῦσαι
1283 955 1494 1001 θρεομένοις
1529 953 1623 990 Cho.
1656 958 1743 999 969.
1777 953 1858 989 situi
1885 952 2087 990 lamentan-

164 1023 263 1060 tibus
295 1024 443 1061 omnino
472 1023 550 1060 visu
580 1022 704 1059 auditu
733 1030 852 1072 grato.
883 1045 933 1049 -—
973 1022 1239 1059 κάλλιστο
1257 1037 1275 1058 ν
1309 1019 1405 1071 ἦμαρ
1440 1023 1584 1059 εἰσιδεῖν
1617 1024 1661 1061 ,ὲκ
1690 1026 1859 1070 χείματος
1888 1022 1961 1071 Ag.
1998 1034 2085 1069 900.

165 1116 218 1121 —
262 1095 423 1130 κατιδεῖν
457 1093 725 1142 ἄφραστοι
764 1091 893 1141 Suppl.
933 1105 994 1139 93.
1034 1116 1085 1119 —-
1125 1096 1255 1139 φοβε
1276 1092 1370 1140 ραν
1404 1090 1491 1139 ὄψιν
1526 1093 1762 1140 προσιδέσθαι
1796 1092 1900 1129 Pers.
1938 1094 1999 1138 48.
2037 1115 2088 1119 -

166 1164 329 1198 διπλᾶ
357 1161 479 1210 ιΥὸρᾶν
507 1164 609 1210 Sept.
641 1173 729 1207 973.
761 1184 809 1187 ——
842 1160 969 1196 ὀλοὰ
1000 1160 1123 1209 δ’ὁρᾶν
1151 1162 1254 1210 Sept.
1287 1173 1373 1206 994.
1405 1184 1455 1187 —-
1486 1163 1537 1196 ε’,λ
1554 1176 1570 1196 ε
1587 1176 1598 1197 ι
1616 1161 1703 1204 νὸς
1732 1163 1877 1209 εἰσορᾶν
1908 1161 1988 1208 ἐγώ.
2034 1162 2089 1198 Pr.

168 1236 254 1277 246.
285 1254 329 1260 —-
358 1230 512 1279 ἥδιον
541 1233 683 1279 δρακεῖν
712 1230 787 1279 Ag.
819 1233 908 1267 602.
940 1253 992 1257 —
1023 1233 1075 1267 δε
1093 1245 1104 1267 ι
1122 1231 1180 1267 νᾶ
1212 1229 1446 1277 δ’ὀφθαλμοῖς
1474 1231 1617 1278 δρακεῖν
1644 1230 1747 1266 Eum.
1780 1242 1841 1277 34.
1871 1253 1922 1257 —

332 1301 462 1349 Itaque
493 1302 540 1337 de
572 1301 695 1337 verbis
736 1300 889 1336 videndi
934 1302 1023 1336 ἰδεῖν
1064 1300 1243 1336 undecies
1287 1308 1499 1347 usurpatum
1538 1308 1607 1344 est,
1638 1298 1727 1347 ὁρᾶν
1757 1308 1794 1336 et
1824 1301 1969 1348 δρακεῖν
1996 1299 2090 1336 binis

161 1369 272 1414 locis,
302 1372 472 1412 κατιδεῖν,
501 1372 656 1413 εἰσιδεῖν,
685 1372 830 1417 εἰσορᾶν
858 1369 1012 1417 singulis
1042 1368 1156 1416 locis3
1196 1383 1269 1406 uno
1304 1370 1465 1418 denique
1501 1370 1590 1406 loco
1626 1370 1744 1406 forma
1771 1369 1941 1406 medialis
1970 1381 2090 1417 προσι-

162 1440 290 1475 δέσθαι
317 1438 465 1488 legitur,
497 1452 595 1487 quae
626 1439 726 1487 apud
757 1439 963 1475 Homerum
993 1441 1208 1488 promiscue
1239 1440 1433 1476 adhibetur
1462 1452 1530 1487 pro
1560 1439 1685 1474 formis
1716 1438 1857 1475 activis.

326 1538 346 1558 κ
362 1537 384 1558 α
400 1527 419 1558 λ
435 1523 453 1557 ὸ
471 1537 490 1558 ν
519 1522 548 1558 τ’
569 1522 721 1559 α’κοῦσαι
749 1526 807 1559 καὶ
835 1525 953 1571 λέγειν
979 1526 1220 1571 μεθυστέροις
1248 1524 1352 1574 Sept.
1376 1526 1462 1570 581.
1480 1546 1530 1550 —-
1554 1525 1575 1558 δ
1591 1537 1601 1558 ι
1616 1537 1642 1558 π
1657 1526 1677 1558 λ
1692 1526 1715 1558 ᾶ
1743 1524 1861 1569 λέγειν
1877 1522 1983 1570 Sept.
2003 1533 2089 1569 973·

162 1615 213 1619 ——
245 1591 371 1628 ὀλοὰ
401 1594 517 1640 λέγειν
546 1593 650 1641 Sept.
683 1605 770 1638 994.
801 1616 852 1619 —
884 1594 1039 1630 δεινὰ
1075 1596 1172 1639 λέξαι
1215 1594 1305 1629 Eum
1342 1607 1401 1640 34.
1441 1616 1489 1619 --—
1531 1592 1573 1629 013
1609 1592 1676 1640 γὰρ
1705 1592 1872 1640 ῥητὸν
1908 1590 2088 1628 αὐδᾶσθαι

161 1662 245 1698 τόδε
282 1662 339 1698 Pr.
381 1667 465 1709 766,
500 1663 560 1698 ubi
598 1663 709 1710 ῥητόν
744 1663 842 1698 idem
881 1663 959 1699 fere
1001 1664 1188 1711 significat
1227 1663 1328 1711 quod
1365 1663 1523 1710 θεμιτόν.
1560 1686 1611 1689 —
1640 1664 1839 1708 δίδυμα
1867 1665 1957 1708 γοᾶν
1986 1661 2089 1698 Pers.

163 1736 254 1778 676.
288 1754 337 1758 -
365 1734 455 1775 βοᾶν
484 1731 716 1779 φοβερόν
744 1732 871 1781 Suppl.
908 1734 997 1777 890,
1028 1756 1078 1759 —
1110 1733 1330 1781 αἰσχρὸς
1363 1737 1484 1768 λακεῖν
1517 1732 1594 1779 Ag.
1633 1738 1720 1778 614.
1750 1754 1799 1758 --
1835 1731 2036 1768 ἐσθλὸν
2069 1730 2092 1779 ἥ

168 1815 188 1836 κ
204 1815 227 1836 α
242 1815 262 1836 κ
278 1800 297 1835 ὸ
313 1815 334 1836 ν
361 1800 483 1836 κλύειν
512 1801 614 1837 Pers.
655 1802 739 1846 248.
772 1824 823 1827 ——
862 1800 926 1837 (ἴε-τ
943 1816 952 1836 ι
970 1815 990 1836 σ
1008 1816 1027 1837 τ
1043 1817 1066 1837 (ι
1103 1802 1226 1837 κλύειν
1256 1804 1334 1849 ἐμοί
1367 1801 1495 1850 Suppl.
1530 1813 1615 1848 277.
1648 1825 1699 1828 *u
1735 1816 1760 1848 μ
1777 1816 1793 1836 ε
1809 1804 1893 1846 ῖζο
1912 1815 1931 1837 1‘
1967 1801 2091 1836 κλύειν

163 1869 238 1917 Ag.
274 1874 359 1905 266.
392 1892 440 1895 —
472 1871 524 1904 δε
542 1884 551 1904 ι
570 1885 588 1905 ι·
604 1871 625 1905 ὰ
656 1879 731 1912 τοῖ’,Ι
760 1874 903 1905 τεκοῐσι
932 1875 1126 1917 φροντίσαι
1158 1872 1256 1906 Pers.
1299 1883 1384 1917 245.
1425 1894 1476 1897 —
1512 1886 1525 1905 ε
1547 1870 1565 1904 oi
1582 1876 1602 1914 ξ
1621 1871 1639 1904 ις
1654 1885 1677 1916 μ
1696 1874 1718 1914 β
1733 1886 1752 1905 ο
1772 1885 1790 1905 1·
1807 1874 1826 1905 λ
1842 1886 1862 1905 ο
1879 1885 1898 1905 ν
1938 1871 2088 1915 δοξάσαι

164 1938 258 1975 Cho.
296 1949 376 1985 170.
408 1960 457 1964 ——

328 2008 481 2043 Praeter
508 2007 579 2043 hos
610 2006 741 2044 solitos
771 2008 967 2044 infinitivos
997 2009 1098 2057 apud
1129 2008 1360 2057 Aeschylum
1390 2010 1425 2045 hi
1454 2010 1703 2045 inveniuntur:

326 2076 478 2121 εὔβατος
504 2092 529 2112 π
547 2092 560 2112 ε
580 2093 599 2124 ρ
614 2082 637 2113 ἆ
656 2093 674 2113 ν
703 2078 761 2113 Pr.
796 2080 881 2124 718.
914 2101 963 2105 —-
992 2093 1018 2113 ,τ
1033 2078 1056 2113 (ἱ
1073 2091 1130 2124 σχ
1146 2093 1160 2113 ε
1180 2094 1189 2113 ι
1209 2094 1227 2114 ν
1255 2078 1419 2125 ἀλγεινά,-
1447 2080 1500 2115 Pr.
1536 2081 1621 2125 238.
1653 2103 1703 2105 Q>
1743 2080 1906 2125 fiftm'dmg
1941 2078 1992 2125 ι’·’χ
2007 2094 2023 2115 ε
2040 2093 2051 2115 ι
2067 2093 2088 2115 v

162 2144 270 2184 Eum.
305 2157 394 2194 335.
431 2168 477 2172 --·

323 2216 414 2251 καλὰ
449 2219 794 2263 καρποῦσθαι
834 2217 908 2265 Ag.
951 2222 1038 2268 ὑφ.
1079 2217 1184 2264 quod
1222 2219 1374 2253 alterum
1413 2226 1472 2254 est
1510 2218 1722 2268 exemplum
1760 2218 1894 2266 passivi
1925 2218 2086 2255 infinitivi

158 2284 336 2337 (alterum
376 2285 431 2320 Pr.
475 2298 506 2320 v.
554 2290 627 2331 766
666 2300 777 2334 supra
835 2285 984 2322 allatum
1028 2289 1112 2329 est).
1171 2286 1210 2321 In
1243 2287 1378 2323 ceteris
1418 2288 1514 2323 enim
1554 2287 1738 2324 eiusmodi
1782 2286 1874 2323 locis
1915 2287 2082 2324 omnibus

158 2354 369 2391 infinitivum
400 2353 512 2389 activi
542 2355 757 2402 reperimus,
786 2368 860 2391 uno
891 2355 990 2398 loco,
1021 2355 1126 2390 Pers.
1160 2358 1221 2399 48,
1252 2356 1459 2392 infinitivum
1490 2357 1602 2392 medii
1632 2358 1876 2403 προσιδέσθαι.

324 2437 396 2473 ΑΙίἰ
428 2438 578 2485 quidem
608 2439 810 2485 scriptores
840 2441 949 2475 valde
986 2440 1204 2485 frequentes
1239 2448 1324 2475 sunt
1357 2440 1392 2475 in
1426 2453 1474 2475 eo
1508 2454 1651 2488 genere
1687 2441 1849 2484 dicendi,
1879 2449 1918 2476 ut
1945 2441 2082 2477 infiniti-

157 2521 241 2545 vum
270 2507 410 2557 passivi
439 2506 537 2545 hunc
576 2506 609 2544 in
646 2507 796 2545 modum
831 2507 1036 2546 adhibeant
1070 2506 1261 2556 etiamque
1298 2507 1406 2544 activi
1443 2515 1481 2545 et
1516 2508 1656 2557 passivi
1692 2508 1884 2546 infinitivos
1913 2508 2082 2558 proxime

158 2578 253 2613 inter
283 2591 326 2612 se
357 2577 585 2624 coniungant
612 2578 713 2613 velut
747 2579 829 2613 Eur.
861 2578 993 2613 Bacch.
1041 2590 1136 2624 1077
1170 2591 1237 2625 Sq.,
1269 2578 1329 2613 ubi
1359 2578 1493 2614 chorus
1529 2579 1736 2626 Dionysum
1767 2580 1818 2615 ita
1848 2578 2078 2627 adloquitur:

159 2646 299 2693 φάνηθι
328 2649 462 2694 ταῦρος
489 2644 512 2693 ἢ
539 2645 763 2694 πολύκρονο,Ι
790 2648 879 2683 ἰδεῖν
909 2647 1055 2695 δράκων
1084 2645 1106 2694 ἢ
1134 2647 1368 2695 πυριφλέγων
1396 2644 1548 2695 ὁρᾶσθαι
1578 2649 1682 2684 λέων.
