2285 2900
0 0 31 110 usare-nr}

180 224 304 261 πλόου.
328 248 380 252 —-
409 224 572 271 σχολὴ
599 224 736 273 πάρα
765 224 838 273 Ag.
876 228 1056 271 1056.—-
1088 222 1289 260 οἷόντε
1317 221 1374 258 Pr.
1407 234 1469 268 40.
1500 245 1551 249 —
1580 221 1696 265 οἶός
1723 224 1777 258 τέ
1803 223 1913 270 εἰμι
1943 221 2001 259 Pr.
2034 222 2095 268 84.

181 317 232 321 —-—
253 294 440 337 δεινός
467 295 578 340 εἰμι
604 294 661 331 Pr.
685 305 745 340 59.
773 318 819 321 -—
853 293 1094 341 α’μείνων
1122 294 1235 339 εἰμί
1261 292 1361 328 Pers.
1391 293 1465 337 698
1498 289 1677 342 (ἀμείνων
1705 292 1797 338 ἔφυν
1824 291 1879 329 Pr.
1912 298 2015 340 335¹).
2045 315 2096 319 —

179 365 486 411 φερέγγυος
513 362 618 411 Sept.
652 367 739 409 396.
770 385 821 389 ——
849 361 1039 410 κυριός
1067 362 1178 407 εἰμι
1205 359 1278 409 Ag.
1316 371 1398 405 104.
1437 383 1489 387 —
1526 360 1754 407 ἐντελής
1786 361 1883 398 Cho.
1921 373 2009 406 241.
2046 383 2095 388 —-

180 431 368 478 ἔξοχος
395 431 415 467 i.
450 445 482 467 e.
516 431 740 474 ἱκανώτατος
776 431 848 480 Ag.
894 436 1002 467 1622.
1042 429 1224 466 διδάσκειν
1262 428 1484 475 ἐξοχώταται
1519 429 1779 477 ἰατρομάντεις.
1813 454 1863 457 -
1897 432 2097 473 σθένος

181 499 284 537 Eum.
316 501 362 548 87
392 522 439 527 —
473 501 828 548 ὃυσμηχανέσ)
856 498 928 547 Ag.
958 502 1068 545 1361.

341 584 476 620 Mentis
514 585 671 620 facultas
712 583 843 631 quibus
878 582 1104 630 exprimatur
1137 582 1254 617 verba
1286 582 1385 618 haec
1419 590 1634 618 occurrunt:
1684 584 1983 630 ἐπίσταμαι
2020 582 2093 632 Ag.

184 658 295 691 1066.
327 676 376 680 —
408 652 528 690 οἶδα
557 652 658 690 Pers.
695 662 782 700 479.
840 651 1000 700 Saepius
1036 650 1259 698 tamensub
1294 663 1391 688 voce
1428 644 1547 687 οἶδα
1582 651 1735 689 notitiae
1768 665 1877 701 quam
1909 651 2094 688 facultatis

178 723 282 760 notio
299 723 470 760 subiecta
487 732 553 765 est,
571 731 609 759 ut
624 723 680 759 vis
698 723 817 759 futura
834 721 970 758 eodem
985 722 1103 757 modo
1121 722 1319 758 obscurata
1341 721 1396 763 sit,
1414 734 1489 770 quo
1512 722 1658 758 evanuit
1680 730 1768 770 post
1787 723 1903 759 verba
1932 721 2093 766 dicendi,

180 793 333 842 putandi
362 800 432 830 etc.
482 791 634 829 Talibus
663 804 755 828 vero
785 790 876 828 locis
912 791 1022 828 etiam
1050 790 1276 839 participium
1297 784 1466 828 adhiberi
1496 798 1644 840 potest:
1665 790 1739 840 Ag.
1764 792 1852 828 680.
1872 802 1960 838 932.
1984 802 2094 838 1302.

184 863 292 898 1668.
328 865 437 910 1670.
494 862 600 898 Eum.
635 874 721 898 222.
752 861 880 909 Atque
908 859 1005 897 illum
1031 860 1136 896 verbi
1164 860 1282 897 οῖδα
1310 874 1415 897 usum
1445 874 1491 897 ea
1519 861 1636 897 verba
1664 860 1856 903 imitantur,
1887 873 1986 910 quae
2014 874 2094 898 sen-

179 944 282 968 suum
310 931 479 968 actiones
506 930 725 979 significant,
759 930 787 966 si
817 942 891 966 non
919 930 968 966 ad
996 930 1099 977 ipsas
1128 943 1298 966 sensuum
1327 930 1605 978 perceptiones,
1634 930 1705 966 sed
1734 929 1783 966 ad
1818 942 1864 966 ea
1900 938 2094 978 spectatur

179 1012 275 1048 quae
314 1008 404 1048 post
440 999 518 1035 illas
555 1008 681 1036 mente
718 998 988 1035 concludantur
1020 998 1056 1034 h.
1094 1012 1126 1035 e.
1159 1000 1208 1035 ad
1241 999 1421 1044 notitiam,
1458 1012 1554 1047 quae
1588 1012 1701 1036 sensu
1734 1000 1792 1035 vel
1826 1007 2001 1035 nascatur
2033 998 2092 1036 vel

177 1077 359 1117 augeatur
397 1068 459 1106 vel
493 1077 615 1106 exstet
649 1081 694 1105 ac
734 1068 764 1105 si
804 1068 976 1105 sensibus
1020 1080 1099 1105 rem
1139 1067 1389 1117 percepisses
1454 1067 1583 1115 Quare
1623 1068 1816 1106 infinitivus
1854 1076 1943 1118 post
1975 1069 2093 1105 verba

177 1137 361 1181 audiendi,
389 1137 538 1174 videndi
565 1136 686 1175 locum
704 1137 822 1174 habet
842 1136 872 1174 si
894 1136 1091 1191 dicendum
1112 1145 1169 1174 est
1188 1150 1247 1174 me
1269 1136 1358 1186 quid
1380 1137 1476 1174 scire
1499 1137 1586 1186 quia
1606 1138 1824 1183 audiverim,
1847 1138 2093 1187 spectaverim

177 1206 253 1244 sive
293 1220 351 1243 me
394 1220 516 1255 aeque
551 1207 643 1244 scire
683 1220 726 1244 ac
763 1207 793 1244 si
827 1206 1065 1244 audivissem.
1121 1207 1297 1244 Attamen
1334 1207 1384 1244 ita
1422 1206 1494 1244 sert
1534 1216 1664 1244 natura
1691 1207 1755 1251 rei,
1791 1216 1830 1244 ut
1868 1208 2093 1245 constructio

177 1275 427 1325 participialis,
457 1290 531 1325 qua
567 1276 719 1325 propria
757 1289 930 1313 sensuum
967 1277 1066 1314 actio
1099 1276 1288 1322 indicatur,
1322 1276 1356 1313 in
1392 1277 1646 1326 frequentiore
1679 1290 1747 1314 usu
1784 1276 1839 1314 sit.
1898 1277 2093 1326 Perpauca

176 1346 287 1396 igitur
313 1345 475 1383 infinitivi
504 1345 679 1395 exempla
705 1354 795 1395 post
822 1346 1004 1384 eiusmodi
1033 1347 1212 1384 vocabula
1242 1346 1339 1396 apud
1361 1344 1595 1395 Aeschylum
1631 1346 1880 1396 reperiuntur:
1917 1345 2093 1383 ἀκούοι

177 1415 277 1451 Pers.
318 1420 405 1462 564.
442 1415 570 1464 Suppl.
610 1418 696 1462 285.
733 1417 754 1452 i.
791 1429 823 1452 e.
859 1416 958 1452 fama
994 1417 1137 1453 nuntius
1174 1416 1303 1453 allatus
1332 1416 1439 1452 nobis
1483 1425 1553 1452 est.
1589 1439 1640 1443 —
1678 1414 1820 1463 ὃράω
1860 1416 1964 1453 Pers.
2010 1418 2091 1462 189.

177 1485 299 1522 τούτο)
337 1485 466 1522 στάσιν
505 1484 572 1521 τιν’
613 1483 664 1529 ὥς
702 1486 773 1533 ἐγώ
806 1484 948 1522 'ddum-v
981 1484 1070 1535 ὁρᾶν
1103 1486 1241 1533 τεύχειν
1276 1487 1315 1522 ἐν
1343 1484 1642 1535 α’λλήλαισιι·,(1ι10
1674 1484 1763 1522 loco
1794 1484 2009 1523 infinitivum
2042 1485 2093 1523 ad

177 1554 332 1590 verbum
373 1554 635 1591 enuntiationis
683 1556 927 1592 secundariae
964 1569 1006 1592 se
1045 1555 1290 1604 applicantem
1339 1555 1531 1597 habemus,
1575 1568 1673 1603 quae
1715 1555 1864 1591 mirifica
1907 1564 2093 1592 structura

179 1633 381 1673 praeterea
423 1638 497 1663 uno
541 1626 799 1662 tantummodo
843 1626 942 1675 apud
973 1624 1200 1675 Aeschylum
1241 1624 1326 1662 loco
1354 1625 1505 1676 legitur:
1533 1624 1633 1663 Pers.
1666 1629 1742 1672 564
1770 1638 1826 1674 sq.
1857 1624 1975 1662 τυτθὰ
2003 1623 2091 1662 δ’ἐκ-

179 1701 309 1741 φυγεῖν
336 1692 459 1730 ἄνακτ’
487 1693 609 1738 αὐτὸν,
637 1693 688 1738 (ὃς
714 1694 904 1743 ἀκούομεν.
960 1696 1106 1732 Eodem
1137 1703 1259 1732 autem
1292 1696 1408 1732 modo
1444 1707 1520 1744 quo
1558 1694 1683 1730 ἀκούω
1715 1695 1867 1731 verbum
1907 1693 2092 1741 πεύθομαι

178 1775 260 1800 cum
294 1763 469 1801 infinitivo
501 1764 745 1813 coniungitur:
788 1764 884 1802 Cho.
925 1766 1010 1812 839.
1046 1767 1133 1802 νέαν
1167 1765 1279 1812 φάτιν
1311 1767 1349 1801 δὲ
1380 1765 1564 1813 πεύθομαι
1598 1766 1714 1813 λέγειν
1741 1764 1843 1808 τινάς
1877 1776 2012 1801 novum
2041 1764 2089 1800 ab

176 1833 384 1871 hominibus
412 1834 632 1883 quibusdam
661 1848 843 1872 rumorem
873 1836 994 1872 afferri
1023 1836 1072 1872 ad
1100 1849 1160 1871 me
1191 1834 1354 1872 delatum
1383 1833 1475 1873 est.⁹
1513 1833 1782 1884 Participialem
1813 1835 1973 1884 praebet
2001 1847 2087 1871 con-

175 1903 417 1941 structionem
444 1917 573 1941 versus
601 1903 693 1941 Cho.
728 1909 801 1952 763
833 1905 1053 1953 τεθνηκότος
1079 1906 1117 1940 δὲ
1144 1908 1212 1941 νῦν
1241 1904 1395 1942 τάλαινα
1423 1905 1615 1953 πεύθομαι.

335 1988 471 2037 Neque
509 1988 614 2025 aliter
649 1997 738 2037 post
773 1993 1040 2037 φαίνομαι
1076 1989 1232 2026 verbum
1259 1989 1454 2026 infinitivus
1492 1989 1732 2039 explicandus
1764 1998 1834 2034 est,
1865 1988 1970 2038 quod
1998 2001 2085 2037 pro-

173 2055 252 2105 prie
280 2056 474 2106 significat:
506 2057 621 2094 oculis
650 2058 869 2106 conspicior,
909 2071 1102 2107 appareo3
1140 2071 1217 2108 quo
1251 2067 1376 2095 tamen
1416 2073 1465 2096 ex
1498 2068 1656 2108 aspectu
1692 2071 1774 2095 cum
1809 2058 1995 2095 sententia
2024 2059 2084 2094 ali-

173 2139 245 2173 qua
276 2127 466 2163 exoriatur
503 2131 670 2172 φαίιέται
703 2141 824 2175 paene
855 2129 1015 2165 eandem
1044 2129 1116 2164 vim
1146 2129 1288 2176 recepit
1314 2142 1413 2177 quae
1442 2130 1539 2166 inest
1568 2130 1602 2165 in
1629 2142 1721 2166 voce
1751 2130 1876 2165 ἔοικεν.
1906 2129 1962 2166 Pr.
1997 2134 2084 2174 216,

177 2206 250 2244 317
283 2203 356 2233 etc.

173 2307 214 2361 e)
270 2309 332 2346 de
375 2309 651 2348 infinitivo
696 2309 1020 2355 adiectivis,
1061 2310 1368 2355 adverbiis,
1409 2312 1784 2349 substantivis
1829 2311 2087 2348 notionis

755 2381 1070 2430 explendae
1101 2394 1270 2418 causa
1298 2381 1507 2418 addito.

335 2478 508 2528 Denique
538 2486 577 2515 ut
605 2491 939 2516 commemoremus
968 2487 1088 2516 restat
1125 2492 1193 2516 eos
1221 2479 1412 2516 infinitivos
1450 2479 1512 2530 qui
1539 2480 1743 2523 adiectivis,
1772 2480 1972 2525 adverbiis,
2003 2481 2086 2517 sub-

172 2546 338 2585 stantivis
368 2549 527 2586 adiuncti
555 2549 698 2586 notioni
733 2548 943 2598 explendae
980 2549 1182 2587 inserviant
1229 2559 1269 2587 et
1305 2549 1578 2599 propemodum
1615 2564 1696 2588 cum
1735 2551 1864 2588 dativo
1899 2552 1960 2588 vel
2003 2552 2087 2588 sub-

172 2618 531 2656 stantivi'abstracti
562 2620 621 2656 vel
655 2619 839 2668 participii
876 2620 983 2657 activi
1022 2620 1239 2658 commutari
1272 2621 1429 2669 possint.
1498 2621 1573 2669 Qui
1611 2635 1700 2659 usus
1729 2621 2000 2659 vetustissimus
2029 2631 2090 2659 est
