2285 2900
1108 169 1148 200 16

152 279 244 315 tatio
276 278 446 327 quadret.
506 277 586 314 Sed
614 277 730 314 libros
759 290 935 314 sermone
964 278 1116 314 Graeco
1146 277 1383 324 compositos
1418 289 1549 313 omnes
1582 275 1723 317 evolve,
1760 288 1942 323 nusquam
1970 273 2090 311 solum

154 351 273 395 λέγειν
299 347 397 384 illum
425 348 460 384 in
482 349 636 384 modum
666 347 872 384 adhibitum
900 347 1070 395 reperies
1098 359 1221 394 neque
1252 346 1322 382 alia
1354 346 1472 382 verba
1499 344 1607 395 leges
1636 345 1703 382 nisi
1733 344 1870 394 φράσαι
1897 352 1935 381 et
1963 345 2090 381 εἰπεῖν.

155 417 284 465 Atque
310 431 359 453 ne
389 418 483 453 haec
515 417 669 465 quidem
698 426 922 464 usurpantur
949 416 1015 451 nisi
1045 416 1224 463 apposita
1251 424 1315 452 aut
1342 415 1522 463 particula
1551 412 1603 457 αἱς
1631 424 1695 451 aut
1723 414 1917 452 adverbio.
1962 412 2091 460 Quare

155 495 286 535 spreta
313 487 373 522 illa
401 486 673 535 interpretandi
704 486 845 522 ratione
879 485 949 521 alia
983 485 1042 520 via
1075 485 1236 521 ineunda
1271 484 1349 526 erit,
1388 497 1499 532 quam
1527 483 1575 520 ab
1604 483 1758 533 Engero
1787 496 1940 532 quoque
1968 482 2094 520 initam

153 555 336 597 videmus,
366 556 430 603 qui
469 556 685 592 infinitivum
714 555 764 591 ad
791 567 925 591 vocem
953 555 1064 590 πλέον
1096 554 1337 590 referendum
1375 567 1462 589 esse
1491 553 1527 589 in
1555 553 1798 590 adnotatione
1827 561 1968 590 monet.
2028 552 2096 587 Est

156 632 280 661 autem
309 633 521 673 propterea
549 625 709 668 additus,
740 632 778 659 ut
805 624 906 660 notio
934 622 993 658 illa
1027 623 1077 659 ad
1119 637 1252 659 sensus
1286 623 1439 671 propius
1474 622 1692 663 adducatur,
1723 635 1837 670 quam
1867 621 1968 658 nudo
1997 633 2095 657 com-

154 694 328 742 parativo
356 694 474 730 fieret.
533 693 637 730 Multi
675 701 873 729 occurrunt
910 692 988 728 eius
1016 693 1168 740 generis
1197 693 1372 734 infinitivi,
1408 705 1502 740 quos
1530 692 1564 728 in
1598 700 1770 728 extremo
1806 692 1928 740 capite
1972 689 2095 727 altero

156 776 288 800 omnes
318 777 367 800 ex
395 762 573 811 Aeschyli
604 761 736 800 fabulis
764 761 947 799 collectos
975 761 1101 810 paullo
1130 762 1337 799 accuratius
1367 761 1668 799 examinabimus.

395 833 428 870 cl
460 834 535 869 De
585 832 871 868 infinitivo
923 832 970 867 in
1019 831 1543 868 exclamationibus
1590 840 1876 879 usurpato.

323 902 493 939 Tertium
521 903 685 950 denique
703 911 762 938 est
783 915 904 949 genus
934 901 1097 938 infinitivi
1126 901 1297 945 absoluti,
1322 901 1383 949 qui
1411 901 1447 937 in
1476 900 1808 938 exclamationibus
1830 909 1953 937 exstat
1980 899 2095 936 homi-

157 984 244 1007 num
277 970 389 1007 valde
419 972 673 1008 excitatorum.
732 970 855 1016 Quam
898 970 1050 1018 quidem
1087 971 1406 1007 constructionem
1449 971 1731 1006 concedendum
1771 970 1848 1011 erit,
1878 982 1960 1005 cum
1997 971 2096 1017 apud

158 1041 366 1077 Homerum
409 1040 572 1077 nondum
614 1040 832 1088 reperiatur,
872 1053 919 1076 ex
962 1048 1094 1077 natura
1136 1041 1250 1077 dativi
1296 1049 1334 1076 et
1361 1039 1509 1076 locativi
1538 1052 1650 1076 casus
1677 1039 1841 1088 intellegi
1869 1052 1942 1076 non
1971 1052 2096 1087 posse,

157 1109 229 1145 sed
265 1123 311 1146 ex
354 1110 563 1145 recentiore
599 1122 710 1157 quam
746 1118 860 1145 antea
894 1109 1162 1156 descripsimus
1202 1110 1362 1146 infinitivi
1399 1110 1432 1145 vi
1467 1118 1638 1145 exortam
1672 1122 1771 1145 esse.
1835 1109 1869 1145 Is
1904 1109 2001 1144 enim
2036 1109 2098 1157 qui

157 1180 321 1229 loquitur
353 1178 438 1216 nihil
473 1178 573 1216 aliud
607 1178 733 1215 studet
768 1178 836 1215 nisi
870 1186 909 1215 ut
946 1191 1045 1227 quae
1083 1179 1120 1216 in
1156 1179 1273 1216 verbo
1309 1178 1393 1216 insit
1425 1178 1529 1215 notio
1567 1191 1651 1216 eam
1680 1179 1715 1215 in
1743 1178 1871 1215 medio
1898 1187 2098 1227 proponat.

158 1249 261 1297 Quid
290 1249 372 1297 ipse
406 1249 455 1285 de
491 1262 531 1284 re
568 1261 665 1296 quae
697 1256 832 1296 agatur
875 1249 1021 1297 cogitet
1058 1249 1196 1297 quidve
1231 1249 1355 1297 cupiat
1388 1249 1512 1285 verbis
1544 1249 1635 1297 ipsis
1674 1262 1751 1285 non
1780 1247 1999 1290 declaratur,
2029 1249 2099 1285 sed

161 1333 209 1356 ex
238 1318 506 1355 sententiarum
540 1330 686 1355 conexu
723 1317 985 1354 coniciendum
1022 1327 1093 1355 est.
1154 1319 1320 1367 Itemque
1358 1319 1401 1355 iis
1429 1319 1491 1367 qui
1525 1319 1678 1356 audiunt
1715 1318 1870 1355 liberum
1900 1318 1988 1367 quid
2017 1331 2098 1355 sen-

159 1389 234 1424 tire
263 1388 378 1424 velint
406 1389 516 1424 datur
544 1388 747 1424 arbitrium.

336 1472 484 1519 Quodsi
514 1471 697 1521 Aeschyli
725 1472 947 1522 tragoedias
974 1472 1219 1521 perlustrabis
1257 1472 1331 1509 duo
1355 1472 1521 1509 invenies
1550 1471 1732 1521 exempla,
1768 1485 1924 1521 quorum
1955 1472 2099 1509 notissi-

165 1554 265 1578 mum
304 1550 362 1577 est
395 1541 429 1577 in
462 1541 567 1577 Eum.
605 1555 639 1577 v.
678 1542 752 1587 837
792 1555 858 1589 sq..
893 1541 953 1576 ubi
992 1541 1184 1577 Furiarum
1223 1542 1359 1577 chorus
1394 1542 1587 1578 Minervae
1625 1542 1825 1589 proposito
1859 1542 2100 1577 acerbissime

166 1612 281 1648 iratus
311 1611 383 1647 hos
413 1610 569 1647 effundit
597 1620 774 1657 questus:

324 1696 385 1742 ἐμὲ
411 1697 544 1732 παθεῖν
575 1694 672 1738 τάδε,
704 1699 794 1741 φεῦ,
820 1695 823 1746 ᾖ
852 1696 911 1742 ἐμὲ
939 1695 1194 1743 παλαιόφρονα
1221 1695 1311 1730 κατά
1340 1710 1380 1731 τε
1406 1699 1472 1742 γᾶς
1502 1697 1612 1731 οἰκεῖν
1639 1694 1642 1745 Ι
1669 1694 1823 1731 ἀτίετον·
1851 1696 1855 1745 Ι
1881 1699 1952 1742 φεῦ
1979 1698 2102 1742 μῦσος.

164 1766 329 1802 Possunt
356 1779 448 1801 sane
476 1765 511 1800 hi
544 1765 704 1801 infinitivi
739 1765 867 1801 referri
901 1765 950 1801 ad
986 1766 1105 1801 verba
1140 1764 1285 1801 α’τίετον
1315 1769 1439 1812 μῦσος.
1497 1766 1594 1803 Nam
1627 1766 1662 1802 in
1697 1765 1774 1803 aliis
1810 1778 1962 1814 quoque
2001 1778 2100 1814 quae

161 1836 298 1872 chorus
326 1835 577 1872 vehementer
606 1843 815 1871 commotus
844 1834 1037 1870 Minervae
1068 1836 1283 1883 respondet,
1317 1836 1474 1884 simplex
1508 1836 1736 1872 enuntiatum
1770 1835 1963 1883 reperitur,
2000 1843 2039 1871 ut
2065 1848 2099 1871 V.

169 1908 254 1951 778,
284 1907 374 1941 808.
433 1905 517 1941 Nec
546 1909 616 1950 φεῦ
643 1905 856 1941 interiectio
896 1918 943 1940 ne
977 1905 1028 1940 ita
1063 1903 1185 1940 locum
1218 1906 1497 1954 perciperemus
1534 1906 1809 1954 impedimento
1844 1914 1958 1947 esset,
1988 1918 2097 1953 quum

163 1976 384 2024 plerumque
414 1973 564 2022 quidem
593 1972 818 2011 exclamatio
847 1972 907 2010 vel
944 1973 1195 2023 interrogatio
1239 1986 1320 2010 curn
1354 1975 1424 2011 hac
1459 1987 1560 2011 voce
1599 1975 1647 2011 ab
1675 1973 1873 2023 Aeschylo
1903 1974 2097 2010 consocie-

163 2054 230 2086 tur,
270 2045 369 2081 velut
404 2043 480 2091 Ag.
524 2042 620 2089 1'448
654 2047 735 2089 φεῦ,
767 2047 821 2086 τίς
857 2042 903 2079 ἅν
938 2047 1003 2079 κτλ
1040 2065 1090 2070 --
1122 2043 1228 2091 Sept.
1266 2055 1333 2090 105
1342 2058 1361 2091 3
1402 2048 1474 2090 φεῦ
1501 2048 1581 2090 φεῦ,
1611 2040 1642 2080 (ὁ
1669 2045 1888 2092 μεγάλαυχοι
1915 2048 1997 2087 κτλ;
2026 2044 2094 2080 sed

162 2114 242 2152 aliis
278 2113 372 2150 locis
414 2113 641 2162 tranquillior
669 2122 708 2150 et
742 2112 887 2162 planior
919 2113 1042 2150 oratio
1075 2121 1266 2162 sequatur,
1301 2123 1339 2150 ut
1374 2114 1474 2150 Pers.
1515 2125 1532 2160 7
1541 2127 1589 2161 39
1617 2117 1698 2160 φεῦ,
1727 2122 1849 2161 ταχεῖα
1876 2109 1999 2160 γ’ἦλθε
2026 2114 2097 2149 κτὲ.

163 2184 332 2220 Verbum
360 2196 453 2219 vero
486 2183 755 2218 substantivum
792 2196 944 2231 semper
982 2184 1062 2219 fere
1105 2183 1295 2224 omittitur,
1330 2184 1391 2219 ubi
1427 2184 1621 2220 infinitivus
1660 2193 1851 2232 tamquam
1887 2185 2096 2221 subiectum

160 2254 306 2303 pendet
334 2252 384 2289 ab
413 2252 603 2289 enuntiato
646 2253 750 2300 quod
778 2252 970 2289 adiectivo
1001 2251 1061 2289 vel
1095 2251 1332 2288 substantivo
1366 2261 1405 2289 et
1442 2252 1534 2289 εἶναι
1560 2253 1680 2289 verbo
1722 2253 1944 2296 continetur,
1972 2261 2011 2289 ut
2040 2252 2095 2289 Pr.

163 2324 240 2370 978
271 2320 411 2369 νοσοῖμ’
441 2320 487 2357 ἄν
517 2323 548 2356 εἰ
577 2321 714 2367 νόσημα
741 2321 829 2364 τοὺς
856 2321 1009 2369 ἐχθροὺς
1041 2329 1199 2368 στυγεῖν.
1240 2344 1291 2347 ——
1325 2321 1453 2370 Suppl.
1493 2333 1567 2368 995
1606 2323 1648 2358 τὸ
1676 2321 1822 2358 τέἰπεϊν
1856 2322 2005 2365 είπετὲς.
2027 2322 2095 2368 μύ-

161 2392 281 2441 σαγμά
308 2406 397 2436 πως.
456 2390 553 2428 Nihil
581 2391 691 2439 igitur
718 2391 898 2434 obstaret,
920 2391 1127 2440 'quominus
1155 2390 1206 2427 ita
1233 2390 1268 2426 in
1284 2403 1497 2427 sermonem
1519 2391 1688 2429 Latinum
1715 2390 1796 2429 illos
1817 2405 1948 2429 versus
1976 2400 2092 2428 trans-

162 2463 363 2499 ferremus:
398 2461 492 2497 »hoc
521 2474 580 2496 me
609 2461 764 2508 perpeti,
792 2474 873 2503 vae,
903 2461 972 2497 sub
1001 2461 1111 2497 terris
1146 2473 1207 2496 me
1236 2460 1406 2497 habitare
1436 2461 1607 2498 dedecus
1645 2470 1704 2498 est
1733 2471 1773 2498 et
1802 2461 1926 2499 scelus
1955 2462 2094 2499 abomi-

162 2532 356 2567 nandum«
426 2530 610 2566 Attamen
645 2538 774 2565 nostro
806 2529 894 2565 loco
930 2530 1173 2566 difficiliorem
1209 2538 1323 2577 atque
1356 2530 1623 2567 inusitatiorem
1662 2530 1874 2579 explicandi
1908 2531 2092 2568 rationem

163 2602 323 2638 arbitror
350 2599 658 2648 amplectendam
687 2612 784 2640 esse,
816 2608 854 2635 ut
881 2598 966 2635 huic
1001 2599 1069 2635 toti
1106 2598 1241 2635 cantici
1278 2598 1373 2646 parti
1402 2598 1520 2635 maior
1546 2599 1629 2636 insit
1657 2608 1877 2637 concentus,
1935 2599 2093 2637 Videtur

164 2678 289 2706 autem
332 2668 554 2705 exclamatio
597 2667 883 2703 accomodatior
923 2680 1010 2703 esse
1060 2676 1099 2703 et
1141 2667 1294 2703 omnino
1328 2680 1490 2715 magnae
1534 2668 1724 2704 Furiarum
1773 2669 1850 2704 irae
1885 2677 1925 2704 et
1965 2669 2091 2705 verbis
