2285 2900
327 219 656 268 ὁρκωμοτέω
684 222 787 270 Sept.
827 226 887 267 46.
919 223 1020 258 Eum.
1063 225 1147 267 766.
1182 245 1231 248 —
1270 221 1440 271 ἅραρέ
1473 238 1555 266 τις
1591 221 1751 272 ὅρκος
1784 223 1858 273 Ag.
1900 223 2009 270 1285.
2046 245 2096 250 —

157 291 468 339 §vvdpvvsstt
498 291 593 329 Cho.
625 293 715 338 989.
748 291 969 329 Huiusmodi
997 292 1153 329 verbum
1192 292 1252 329 ubi
1287 304 1370 329 cum
1410 300 1584 341 tempore
1625 292 1818 342 praesenti
1861 292 2096 329 coniunctum

155 369 215 397 est
242 361 316 396 hoc
348 362 547 408 significat:
593 361 755 410 aliquam
785 375 865 397 rem
894 362 972 397 fieri
1001 362 1078 397 sive
1109 362 1251 397 adesse
1283 371 1413 398 sancte
1455 362 1710 411 religioseque
1740 363 1960 400 confirmare
1989 361 2094 399 velut

154 431 260 478 Sept.
293 417 370 478 530
400 431 531 479 diuma
562 432 725 479 ὁαίχμὴν
756 430 800 479 ἢ]
830 434 900 478 ἔχει
918 435 1060 479 μᾶλλον
1082 434 1170 468 (11011
1191 434 1238 476 σέ
1241 435 1309 468 ›³5st
1330 432 1470 470 ferocia
1491 432 1607 470 iactat
1627 433 1748 470 verba
1769 432 2092 482 Parthenopaeus.

316 500 468 537 Deinde
499 502 619 538 verba
647 501 860 538 confidendi
891 509 930 538 et
958 502 1158 549 sperandi:

318 571 645 618 προσδοκάω
675 571 731 607 Pr
766 583 853 617 930.
885 573 973 616 988
1012 594 1059 597 <-
1098 573 1337 607 πέποιθα
1373 572 1480 620 Sept.
1523 584 1610 619 445.
1650 584 1736 619 525.
1774 572 1876 609 Pers.
1915 575 2004 608 602.
2040 594 2092 598 -—

152 642 456 687 ἐπέλπομαι
488 641 561 689 Ag.
600 653 709 688 1033.
740 664 787 668 ——
822 640 1046 684 εὔελπίς
1076 643 1187 688 εἰμι
1223 642 1277 678 Pr.
1316 653 1402 688 510.
1437 664 1480 669 —
1516 644 1719 688 ἐλπίζω
1752 641 1852 679 Ρ615.
1895 644 1980 688 746.
2015 640 2091 689 Ag.

157 712 270 757 1058.
331 711 514 746 Praesens
560 710 666 746 vides
696 710 792 747 Cho.
832 711 915 745 188.
959 713 1040 752 πῶς
1084 710 1152 757 γὰρ
1182 712 1317 746 ἐλπίσω
1345 710 1472 745 (ἱστῶν
1503 710 1570 746 τιν’
1599 710 1712 746 ἄλλον
1742 712 1851 757 τῆσδε
1896 710 2089 756 δεσπόζειν

150 780 286 827 φόβηζς
327 781 524 828 quomodo
558 782 747 828 (sperans)
792 780 924 828 opiner
970 778 1078 816 alium
1125 794 1235 828 quem
1266 780 1397 816 civium
1427 780 1585 817 cincinni
1613 780 1720 817 huius
1757 780 1947 817 dominum
1981 780 2090 818 esse?

152 849 301 886 Eodem
332 850 445 886 modo
481 849 555 886 hoc
594 858 744 898 tempus
782 849 887 897 Sept.
924 853 973 897 76
1013 858 1232 898 usurpatum
1272 858 1342 885 est.
1385 872 1429 875 „-
1493 851 1646 892 ἐλπίς
1687 851 1842 885 ἐστιν
1884 849 1961 898 Ag.
2000 852 2087 895 679.

154 920 358 967 (Praesens
387 921 491 967 Sept.
524 925 632 967 367).

314 989 408 1026 Tum
436 990 556 1026 verba
585 989 841 1038 promittendi,
871 988 1076 1034 minitandi,
1106 988 1291 1037 gloriandi
1320 997 1359 1025 et
1386 1002 1483 1037 quae
1514 988 1548 1024 in
1578 988 1792 1025 universum
1829 989 1977 1025 dicendi
2010 989 2081 1025 vim

148 1073 241 1108 prae
273 1073 314 1096 se
347 1059 486 1097 serunt:
529 1058 824 1107 ὗπίσχομαι
860 1060 964 1096 Eum.
1007 1061 1095 1106 807.
1132 1083 1182 1086 —
1220 1072 1307 1094 στιι
1328 1063 1451 1106 ῦμαι
1491 1059 1592 1095 Pers.
1626 1070 1685 1104 49.
1722 1058 1888 1095 Verbum
1926 1058 2083 1095 ἀπειλέω

148 1129 257 1177 Sept.
290 1141 361 1174 441
399 1142 584 1176 praesens
613 1129 779 1177 sequitur
823 1132 896 1164 πᾶν
935 1131 1045 1175 «Υρᾶνῑ
1089 1130 1363 1165 minitabundus
1407 1129 1609 1176 Capaneus
1653 1130 1839 1165 exclamat
1873 1142 1957 1165 sese
1989 1136 2075 1164 eum

148 1213 248 1239 6556,
278 1201 339 1249 qui
382 1200 504 1236 omnia
536 1206 741 1248 perpetret.
779 1221 827 1224 -
864 1195 1166 1246 ἐπεύχομαι
1206 1198 1277 1246 Ag.
1320 1201 1426 1245 1263.
1464 1221 1515 1225 ——
1555 1197 1729 1244 αὐχέω
1768 1199 1823 1235 Pr.
1865 1210 1951 1245 339.
1984 1200 2074 1235 668.

149 1271 240 1314 689.
276 1274 365 1315 693.
397 1270 496 1304 Pers.
532 1279 617 1313 741.
650 1269 778 1316 Suppl.
827 1279 915 1313 320.
962 1267 1038 1315 Ag.
1087 1278 1173 1313 507.
1231 1268 1417 1304 Praesens
1460 1268 1534 1314 Ag.
1580 1270 1692 1313 1487.
1726 1293 1773 1296 —
1806 1272 1942 1315 φημί
1968 1268 2101 1316 Sept..

149 1348 241 1384 427.
273 1338 347 1386 Ag.
385 1341 494 1384 1246.
549 1341 659 1384 1615.
704 1337 802 1374 Cho.
854 1347 964 1382 1027.
1009 1337 1112 1373 Eum.
1157 1348 1230 1384 555
1263 1360 1311 1363 ——
1354 1336 1540 1383 φάσκω
1573 1337 1667 1373 Cho.
1702 1347 1788 1383 277.
1848 1337 2024 1386 Denique
2052 1350 2075 1374 a

146 1408 273 1445 verbis
301 1408 501 1457 cogitandi.
532 1407 686 1456 putandi
717 1407 826 1443 futuri
855 1407 1052 1443 infinitivus
1082 1407 1239 1455 pendet:
1277 1409 1395 1453 οἴυμ
1414 1421 1463 1442 αι
1499 1407 1553 1442 Pr.
1601 1409 1687 1443 208.
1728 1410 1815 1451 269.
1845 1407 1953 1455 Sept.
1986 1408 2074 1453 865.

148 1479 250 1515 Pers.
286 1489 370 1525 749.
403 1502 450 1505 ”
481 1480 652 1514 «δοκέω
680 1478 782 1522 Pers,
814 1480 905 1523 476.
937 1501 988 1503 —
1020 1478 1183 1513 ἔοικα
1217 1477 1273 1514 Pr.
1305 1479 1393 1523 984.
1433 1487 1538 1523 1007.
1567 1477 1673 1526 Sept.
1708 1488 1794 1524 545.
1824 1475 1954 1526 Suppl.
1986 1489 2074 1522 909.

147 1549 225 1597 Ag.
263 1550 373 1595 1083.
412 1551 522 1584 1161.
557 1550 665 1584 1181.
697 1548 790 1584 Cho.
824 1548 912 1593 884.
945 1559 1033 1592 922.
1064 1547 1167 1583 Eum.
1200 1559 1288 1592 900.

315 1618 402 1653 Hoc
431 1619 464 1654 in
495 1618 627 1653 ordine
660 1618 772 1653 etiam
802 1618 955 1653 verbum
984 1619 1107 1663 μέλλω
1143 1617 1509 1653 commemorandum
1539 1627 1606 1658 est,
1636 1617 1740 1666 quod
1771 1625 1952 1666 quattuor
1978 1617 2071 1653 locis

148 1701 231 1724 cum
274 1687 448 1723 infinitivo
492 1686 598 1722 futuri
640 1686 897 1723 consociatum
942 1685 1160 1722 invenimus.
1226 1685 1346 1733 Quam
1390 1694 1613 1722 structuram
1647 1699 1696 1722 ex
1740 1685 1932 1735 principali
1968 1685 2074 1722 huius

145 1757 257 1793 vocis
297 1765 427 1793 natura
461 1756 717 1792 reducendam
758 1770 843 1791 esse
881 1764 1043 1792 constat.
1108 1755 1235 1802 Atque
1270 1755 1355 1791 olim
1394 1755 1544 1803 quidem
1583 1765 1667 1791 orta
1700 1769 1786 1792 esse
1826 1755 2024 1792 dicebatur
2051 1768 2072 1792 e

149 1826 277 1863 radice
318 1841 392 1874 μην
425 1825 594 1874 (Benfey‚
624 1825 762 1869 Christ,
795 1825 836 1862 L.
876 1826 1041 1873 Meyer),
1093 1832 1222 1860 nostro
1264 1832 1431 1873 tempore
1468 1825 1630 1873 (Curtius
1665 1824 1892 1872 Grundziige
1930 1833 2002 1861 etc.
2041 1838 2075 1873 p.

153 1897 245 1943 309)
278 1896 313 1931 in
343 1895 507 1931 radicem
539 1907 642 1942 σμαρ,
682 1909 750 1941 μερ
778 1902 986 1932 revocatur.
1030 1894 1064 1929 in
1110 1907 1183 1941 qua
1227 1894 1417 1942 cogitandi
1449 1895 1553 1931 notio
1589 1894 1696 1931 inest.
1754 1894 1865 1941 Quae
1899 1894 1954 1930 vis
1982 1894 2012 1930 si
2041 1894 2076 1929 in

145 1965 265 2002 verbo
299 1972 466 2001 remanet
502 1964 638 2001 eadem
679 1964 960 2000 constructione
994 1965 1116 2009 μέλλω
1160 1962 1278 2003 11111111,
1320 1976 1393 2012 qua
1427 1964 1497 2000 alia
1534 1976 1632 2012 quae
1670 1963 1855 1999 attulimus
1891 1962 2076 2007 eiusmodi

145 2035 349 2071 vocabula:
382 2037 506 2076 δοκέω,
536 2037 654 2080 οἴομαι
689 2042 757 2070 616.
815 2035 909 2070 Cum
947 2047 1042 2069 vero
1090 2033 1227 2069 sensim
1270 2034 1341 2069 vim
1387 2033 1655 2071 voluntativam
1694 2034 1908 2082 susciperet
1940 2033 2076 2071 factum

145 2112 205 2141 est
236 2111 274 2140 ut
302 2103 514 2140 consimiles
556 2110 683 2151 partes
725 2112 857 2138 tenere
902 2102 1113 2138 institueret
1141 2113 1188 2137 ac
1228 2103 1333 2146 θέλω,
1365 2103 1550 2150 βούλομαι,
1587 2116 1686 2151 quae
1729 2103 1938 2139 infinitivum
1969 2102 2075 2138 futuri

144 2174 315 2221 recipere
345 2181 547 2220 nequeunt,
577 2173 614 2207 id
643 2172 746 2220 quod
780 2172 895 2208 hodie
932 2181 1038 2208 certe
1079 2172 1174 2207 inter
1208 2184 1338 2208 01111165
1381 2173 1529 2210 videtur
1570 2174 1807 2222 exploratum
1841 2186 1940 2210 esse.
1973 2172 2070 2209 Nam

142 2243 256 2280 etiam
285 2241 354 2278 loci
385 2240 635 2290 Thucydidei.
667 2254 688 2276 e
719 2241 851 2290 quibus
881 2242 967 2277 olim
987 2240 1051 2275 viri
1068 2239 1169 2275 docti
1190 2239 1300 2275 talem
1322 2254 1426 2276 usum
1453 2254 1584 2278 eruere
1604 2249 1880 2277 consueverant
1900 2262 1944 2268 —
1964 2242 2087 2285 velut·

142 2314 321 2361 Krueger
349 2325 405 2360 gr.
438 2313 461 2355 Ι,
495 2323 553 2358 53,
587 2321 620 2355 7,
659 2323 695 2347 11
731 2311 965 2360 Thucydidis
994 2314 1089 2350 locis
1120 2313 1241 2350 nititur
1270 2326 1305 2360 4,
1342 2327 1423 2355 121,
1460 2328 1489 2360 13
1509 2318 1544 2361 6,
1577 2325 1637 2362 57,
1667 2328 1699 2361 2;
1728 2318 1763 2361 6,
1786 2318 1829 2351 61
1866 2337 1916 2342 ——
1946 2327 2072 2352 recen-

140 2382 274 2421 tiorum
306 2381 517 2418 criticorum
548 2393 668 2429 opera
704 2381 892 2418 emendati
928 2392 1022 2419 sunt.
1080 2383 1373 2430 Diligentissime
1410 2384 1504 2420 hanc
1542 2385 1576 2421 in
1605 2398 1685 2421 rem
1726 2385 1911 2432 inquisivit
1939 2384 2072 2421 Forss-

141 2467 253 2491 mann
303 2467 339 2501 p.
389 2452 592 2498 35-371).
663 2452 809 2489 Tamen
853 2454 994 2491 Graeci
1036 2463 1207 2490 veterem
1256 2454 1359 2489 verbi
1414 2455 1728 2503 significationem
1771 2463 1847 2496 tam
1888 2454 2072 2492 tenaciter

288 2546 311 2588 ¹)
361 2522 962 2582 Τ116ο(1.Ρο155111111111,(1111ηῆ11111νί
986 2550 1176 2588 temporum
1201 2554 1259 2575 usu
1277 2543 1505 2586 Thucydideo,
1531 2556 1631 2588 quarn
1655 2545 1971 2578 commentationem
1988 2545 2073 2589 legis

359 2603 392 2633 in
419 2602 571 2633 »Curtius
597 2602 756 2633 Studien<
786 2602 842 2638 VI,
874 2611 896 2632 1.
926 2602 1015 2642 Lips.
1046 2603 1138 2641 1873.

2271 1758 2285 1822 {i

2270 1839 2285 1854 Ι1

2278 1857 2285 1885 l

2266 1885 2285 1916 {a

2266 1918 2285 1958 ἓ

2262 2089 2285 2142 ‘l

2268 2133 2282 2143 Δ1

2275 2273 2285 2292 μ

2276 2304 2285 2320 a

2276 2339 2285 2353 Ο
