2285 2900
1096 133 1134 168 15

509 235 544 271 b.
587 235 662 272 De
704 235 989 272 infinitivo
1031 232 1465 271 adverbialiter
1506 233 1712 281 posito.

314 305 510 343 Infinitivus
540 304 733 342 absolutus
767 304 976 354 imperativi
1011 303 1098 341 loco
1141 311 1342 352 usurpatus
1380 316 1462 339 cum
1501 303 1622 353 magis
1656 303 1852 354 magisque
1890 303 2076 342 imminue-

152 383 252 412 retur
278 374 350 412 alia
391 374 550 411 infinitivi
586 373 748 411 absoluti
778 387 923 422 genera
961 373 1189 422 exstiterunt.
1249 373 1419 420 Quorum
1457 373 1493 409 in
1531 385 1684 409 numero
1719 373 1938 411 referendus
1967 375 2079 411 etiam

152 453 212 482 est
231 443 290 481 ille
311 443 503 481 infinitivus
524 443 746 481 adverbialis
762 444 825 493 qui
840 442 984 481 dicitur.
1023 442 1359 497 Apud'I-lomerum
1377 442 1472 478 enim
1487 441 1622 478 nullum
1645 442 1852 480 etiamnunc
1869 442 2079 493 exemplum

150 513 340 554 invenitur,
374 525 455 549 cum
484 521 611 550 aetate
648 513 864 562 posteriore
893 512 1114 560 saepissime
1149 519 1332 552 occurrat,
1369 511 1405 547 in
1439 511 1566 558 primis
1587 511 1688 559 apud
1709 513 1912 560 scriptores
1937 526 2077 561 prosae

152 581 339 619 orationis.
397 580 484 628 Qua
517 580 566 619 de
606 594 721 618 causa
754 581 848 617 hunc
882 593 987 616 usum
1025 593 1095 628 pro
1128 584 1257 616 vetere
1294 580 1435 615 habere
1472 588 1587 627 atque
1622 593 1670 616 ex
1697 580 1892 628 principali
1918 582 2078 618 infinitivi

153 660 284 688 natura
317 651 509 688 deducere
543 651 772 688 necessitate
811 662 888 686 non
925 649 1105 697 cogimur,
1140 649 1209 686 sed
1245 648 1519 686 similitudinem
1561 649 1812 686 recentiorum
1853 649 2077 687 locutionum

150 720 185 756 in
213 720 534 767 comparationem
561 733 700 756 vocare
728 719 826 755 licet.
886 719 1015 766 Itaque
1053 719 1270 755 accusativo
1305 730 1394 754 casu
1430 717 1605 766 explicari
1644 717 1754 761 solet,
1788 731 1864 767 quo
1903 719 2077 756 Graecos

151 788 201 824 ad
229 788 414 825 rationem
443 788 696 825 adverbialem
726 787 1010 835 exprimendam
1039 787 1259 835 saepissime
1297 800 1389 823 usos
1418 800 1506 823 esse
1535 786 1627 823 satis
1655 795 1782 823 notum
1811 796 1879 823 est.
1941 788 2000 831 ·,cs.
2030 789 2076 825 G.

151 857 266 894 Curtii
293 870 449 906 gramm.
479 855 502 910 ξ
534 859 641 905 564).
702 855 817 892 Tales
844 856 1004 904 phrases
1031 856 1164 904 partim
1194 855 1387 893 articulum
1417 856 1593 892 exhibent
1621 855 1756 904 partim
1785 865 1973 904 respuunt.
2020 856 2076 892 Ac

150 935 287 974 postea
314 925 389 962 late
417 935 551 974 patent
578 939 649 962 eae
678 933 898 967 structurae,
935 925 969 961 in
1003 925 1134 973 quibus
1169 924 1342 962 articulus
1383 925 1560 961 infinitivo
1597 937 1763 961 annexus
1791 933 1859 967 est,
1888 924 2005 961 velut:
2035 928 2077 961 τὸ

149 1000 218 1032 νῦν
254 996 355 1039 εἶναι,
392 996 434 1032 τὸ
476 995 635 1043 τήμερον
678 993 779 1037 εἶναι,
821 993 863 1030 τὸ
905 992 957 1031 ἐπ’
999 995 1076 1042 ἐμοὶ
1122 996 1211 1043 (ἐμὲ)
1254 994 1363 1034 sivae:
1402 994 1503 1044 apud
1531 992 1763 1042 Aeschylum
1792 992 1926 1030 nullum
1956 1004 2077 1031 exstat

150 1064 372 1115 exemplum.

312 1135 477 1172 Ceterae
513 1147 604 1171 vero
638 1134 849 1171 huiusmodi
884 1134 1095 1171 locutiones
1132 1148 1173 1171 se
1205 1135 1254 1171 ad
1297 1135 1534 1184 originariam
1570 1134 1732 1170 infinitivi
1770 1134 2076 1182 significationem

152 1216 243 1240 sane
271 1203 473 1252 applicant,
503 1215 585 1239 cum
612 1203 664 1239 ita
693 1203 809 1251 accipi
837 1204 993 1251 possint.
1022 1212 1061 1240 ut
1089 1216 1185 1252 quae
1211 1203 1415 1240 efficiantur
1442 1212 1480 1239 et
1507 1212 1789 1251 consequantur
1818 1216 1865 1239 ex
1893 1203 2076 1239 sententia

150 1273 404 1309 antecedente
434 1273 684 1320 exprimantur
716 1273 773 1320 (cf.
802 1272 893 1320 lolly
926 1272 948 1309 l.
978 1272 999 1309 l.
1030 1286 1063 1320 p.
1096 1276 1195 1309 220&
1262 1272 1433 1320 Namque
1463 1272 1595 1319 ὀλίγου,
1621 1276 1755 1320 μικροῦ
1785 1273 1862 1308 δεῖν
1890 1281 1994 1309 recte
2023 1272 2076 1308 sic

148 1350 293 1378 vertes:
323 1350 363 1378 ut
390 1340 537 1390 paulum
566 1341 681 1386 absin
721 1343 798 1389 ἐμοὶ
833 1343 963 1378 dom-v:
1001 1350 1039 1378 ut
1074 1342 1157 1378 mihi
1187 1341 1366 1381 videatur,
1401 1341 1503 1390 quod
1540 1341 1639 1377 idem
1673 1341 1892 1378 accusativo
1926 1340 2076 1388 γνώμην

152 1410 243 1457 ἐμήν
271 1410 471 1459 significari
501 1418 639 1458 potest.
697 1411 745 1446 Et
779 1411 942 1447 similiter
978 1411 1184 1459 explicandi
1220 1420 1304 1447 sunt
1332 1410 1392 1446 illa
1419 1411 1523 1459 parvi
1552 1411 1713 1447 ambitus
1742 1410 1948 1452 enuntiata,
1977 1424 2075 1459 quae

148 1479 271 1516 verbis
312 1479 457 1527 φράσαι,
499 1481 611 1516 εἰπεῖν
640 1479 929 1522 conformantur,
970 1480 1061 1516 sicut
1108 1478 1232 1523 ἁπλαῖς
1275 1481 1397 1522 εἰπεῖν,
1441 1478 1493 1522 (ἐς
1527 1480 1612 1522 ἔπος
1648 1482 1771 1523 εἰπεῖν,
1803 1479 1908 1529 quod
1942 1480 2073 1516 Latine

149 1548 316 1584 dicimus:
335 1557 375 1584 ut
390 1549 450 1590 ita,
466 1558 506 1585 ut
521 1549 684 1586 breviter
699 1549 819 1585 dicam
837 1549 895 1591 (cf.
926 1549 1018 1597 Iolly
1040 1563 1072 1597 p.
1097 1552 1197 1597 221).
1242 1549 1379 1597 Neque
1401 1549 1511 1599 igitur
1539 1562 1652 1598 quam
1668 1549 1851 1586 Matthiae
1879 1550 2074 1599 ingressus

148 1627 207 1655 est
233 1618 292 1654 via
312 1618 616 1655 commendanda
642 1618 798 1661 videtur,
828 1619 889 1667 qui
918 1617 1061 1667 ellipsin
1089 1618 1275 1667 quandam
1302 1617 1420 1655 latere
1455 1626 1562 1666 putat
1590 1626 1628 1655 et
1653 1619 1772 1655 verbo
1801 1619 1902 1655 ἔστιν
1923 1632 1953 1655 s.
1982 1619 2074 1667 πάρ-

148 1699 248 1723 εστιν
277 1687 326 1723 ad
359 1686 604 1735 explicandas
633 1700 699 1723 eas
728 1688 1026 1724 constructiones
1046 1688 1166 1729 utitur,
1194 1701 1306 1735 quam
1335 1688 1385 1724 ad
1414 1688 1639 1724 sententiam
1669 1688 1853 1724 adductus
1883 1698 1944 1734 est
1971 1687 2073 1727 locis.

149 1756 184 1793 in
213 1756 346 1805 quibus
374 1756 460 1794 illud
487 1757 640 1793 verbum
668 1756 855 1799 invenitur,
890 1755 991 1793 velut
1026 1756 1118 1793 Cho.
1149 1759 1241 1803 976:
1283 1760 1381 1803 φίλοι
1416 1758 1454 1793 δὲ
1484 1759 1540 1793 καὶ
1574 1760 1650 1799 νῦν,
1680 1754 1731 1799 ὡς
1758 1755 1944 1792 ἐπεικάσαι
1970 1756 2073 1804 πάθη

149 1825 334 1872 πάρεστιν.
391 1826 513 1872 Quam
541 1826 751 1873 opinionem
779 1827 917 1873 probat
945 1826 1098 1873 Herzog
1124 1825 1144 1862 l.
1174 1828 1193 1862 l.
1221 1840 1257 1874 p.
1293 1828 1348 1863 18.

312 1903 402 1940 Tria
429 1902 553 1940 afferri
580 1912 739 1951 possunt
768 1917 788 1939 e
817 1912 934 1951 poeta
962 1912 1091 1940 nostro
1119 1903 1313 1952 exempla:

314 1988 413 2024 Pers.
446 1990 520 2034 246
554 1986 628 2023 ἀλλ’
663 1989 740 2034 ἐμοὶ
773 1989 892 2024 δοκεῖν
929 1987 1002 2034 τάχ’
1036 1990 1121 2023 εἴσει
1159 1988 1281 2025 πάντα
1319 1993 1478 2037 ναμερτῆ
1506 1990 1629 2037 λόγονῑ
1670 1999 1709 2026 at
1737 2003 1822 2027 mox
1850 1990 2068 2032 universam,

150 2066 190 2094 ut
218 2057 359 2107 opinor,
389 2058 596 2095 orationem
625 2066 763 2094 certam
792 2057 989 2106 percipies.

313 2142 414 2179 Pers.
460 2154 534 2189 714
576 2142 863 2190 διαπεπόρθηται
898 2143 941 2178 τὰ
984 2147 1137 2190 Περσῶν
1176 2144 1354 2192 πράγματ’
1393 2142 1444 2188 ὡς
1484 2147 1596 2182 εἰπεῖν
1633 2145 1735 2188 ἔποςς
1779 2158 1996 2194 perversae,
2030 2153 2069 2182 ut

148 2211 274 2247 dicere
304 2211 398 2253 licet,
427 2213 622 2248 Persarum
651 2225 747 2260 opes
775 2221 867 2248 sunt.
927 2212 999 2260 Ag.
1035 2213 1134 2259 1584
1171 2217 1310 2262 πατέρα
1350 2217 1514 2262 Θυέστην
1542 2215 1606 2251 τὸν
1634 2214 1721 2261 ἐμὸν
1749 2212 1801 2257 ὡς
1829 2218 1947 2262 τορῶς
1973 2215 2069 2264 φρά-

147 2292 207 2316 σαι
235 2303 283 2307 -
314 2303 365 2307 -
395 2280 677 2329 ἠνδρηλάτησενῑ
705 2290 851 2330 patrem
867 2294 1000 2322 meum,
1023 2290 1061 2317 ut
1080 2281 1179 2319 clare
1208 2283 1340 2325 dicam,
1370 2284 1486 2320 eiecit.
1532 2283 1657 2320 Semel
1685 2283 1878 2320 infinitivus
1907 2284 2068 2321 omissus

147 2356 222 2385 est:
257 2348 314 2386 Pr.
353 2352 404 2396 46
441 2348 492 2393 ὡς
522 2348 627 2398 ἁπλῷ
660 2350 765 2398 λόγῳ,
803 2349 903 2399 quod
938 2348 1049 2398 plane
1084 2351 1221 2387 eodem
1256 2353 1369 2389 modo
1405 2353 1543 2389 dictum
1564 2360 1622 2389 est
1654 2365 1728 2401 quo
1765 2361 1944 2389 nostrum:
1980 2354 2069 2390 »mit

146 2417 267 2454 einem
296 2418 439 2454 Wort.‹

309 2487 527 2528 Cavendum
555 2502 645 2526 vero
673 2497 731 2526 est
758 2503 804 2526 ne
831 2489 885 2526 his
914 2487 1005 2526 locis
1034 2489 1318 2528 adnumeremus
1348 2490 1422 2541 Ag.
1454 2492 1530 2528 868
1559 2493 1738 2540 τέτρωται
1780 2493 1930 2530 δικτύου
1956 2496 2069 2531 πλέον

145 2559 270 2604 λέγειν.
327 2557 462 2594 Obiter
494 2559 589 2595 enim
624 2560 716 2595 haec
750 2561 865 2596 verba
900 2559 1038 2608 legenti
1070 2560 1104 2596 in
1145 2571 1306 2598 mentem
1350 2562 1491 2598 venerit
1523 2562 1787 2600 adverbialiter
1823 2565 1944 2612 posita
1978 2579 2067 2603 esse

145 2627 283 2664 eodem
310 2641 425 2664 sensu
453 2641 527 2677 quo
555 2628 640 2665 alibi
668 2627 719 2672 ὡς
746 2631 859 2666 εἰπεῖν
882 2631 974 2673 ἔπος,
1006 2631 1227 2678 praesertim
1261 2645 1342 2668 cum
1371 2631 1420 2669 ad
1448 2631 1565 2669 simile
1594 2633 1736 2682 optime
1764 2633 1859 2671 haec
1886 2634 2067 2685 interpre-

1607 2748 1625 2778 ᾳ
