2285 2900
245 339 419 462 *capit
447 390 472 429 1.

284 663 417 715 caput
446 664 482 703 ιι.

303 1696 415 1748 caput
443 1697 488 1736 ιιι.

1132 169 1177 201 49

1031 267 1212 335 Inde
1225 289 1279 335 X.

526 389 587 425 De
614 387 732 425 forma
760 388 923 425 infinitivi
950 388 1050 436 apud
1079 388 1306 436 Aeschylum
1333 402 1396 437 pp.
1429 400 1539 435 3-9.

524 454 556 510 ξ.
593 469 622 493 1.
680 455 789 504 Quae
825 454 910 492 olim
946 455 1076 493 fuerint
1101 457 1264 493 infinitivi
1294 457 1433 494 Graeci
1465 457 1609 492 formae
1645 457 1862 499 ostenditur,
1891 456 2107 505 praemissis

686 526 812 573 paucis
841 526 889 561 de
917 525 1110 573 Aeschylo
1138 526 1291 563 Homeri
1318 527 1503 562 imitatore
1531 539 1595 574 pp.
1627 538 1738 573 3—5.

522 593 555 647 ξ.
587 607 618 631 2.
675 593 785 642 Quae
814 594 972 630 infinitivi
1000 594 1140 632 formae
1170 595 1204 631 in
1233 594 1415 643 Aeschyli
1451 594 1581 631 fabulis
1608 594 1838 631 inveniantur
1864 607 1926 642 pp.
1965 596 2031 629 6—-·
2044 606 2076 639 9.

539 664 599 700 De
628 663 775 711 syntaxi
802 663 965 698 infinitivi
994 664 1093 710 apud
1121 663 1346 711 Aeschylum
1374 677 1435 711 pp.
1471 665 1631 709 10—38.

522 730 620 785 §L

551 763 557 769 .
678 731 779 778 Quid
806 732 1043 768 statuendum
1070 732 1117 768 sit
1141 732 1191 782 ,de
1221 732 1363 781 origine
1392 741 1429 768 et
1455 732 1489 768 vi
1515 731 1675 768 infinitivi
1702 744 1765 780 pp.
1802 742 1918 767 10-—1
1935 742 1962 765 1.

524 799 558 853 ξ.
592 813 625 837 2.
684 801 744 837 De
773 800 945 837 infinitivo
977 801 1024 836 ab
1052 799 1130 837 aliis
1155 802 1275 837 verbis
1303 814 1377 837 non
1403 802 1594 849 pendente
1622 814 1684 849 pp.
1722 810 1881 845 12—17.

575 871 611 918 a)
671 870 731 906 De
762 869 935 906 infinitivo
962 869 1098 906 iussum
1118 870 1266 919 aliquod
1293 878 1331 907 et
1357 878 1524 919 optatum
1552 870 1779 918 significante
1807 882 1869 918 pp.
1907 881 2071 915 12—-14,

573 938 613 984 b)
670 938 730 975 De
758 938 929 975 infinitivo
958 938 1216 975 adverbialiter
1242 940 1366 987 posito
1394 952 1457 987 pp.
1495 944 1655 985 15—16.

545 1052 548 1059 ι
575 1008 610 1055 c)
670 1007 730 1043 De
761 1007 932 1044 infinitivo
960 1008 995 1044 in
1023 1008 1348 1045 exclamationibus
1377 1016 1555 1056 usurpato
1583 1021 1647 1056 pp.
1685 1010 1844 1054 16-17.

519 1080 552 1127 §-
584 1090 618 1125 3.
676 1077 736 1113 De
765 1077 937 1113 infinitivo
968 1077 1015 1113 ab
1045 1077 1121 1112 aliis
1148 1077 1269 1113 verbis
1298 1077 1578 1125 pendente,pp.
1614 1078 1776 1122 18—33.

575 1149 611 1193 a)
669 1146 729 1182 De
757 1146 932 1182 infinitivo
962 1146 1212 1193 epexegetico
1240 1159 1302 1193 pp.
1339 1147 1498 1182 18—20.

575 1215 614 1262 b)
671 1214 732 1251 De
759 1213 931 1251 infinitivo
960 1222 1049 1262 post
1076 1214 1274 1262 particulas
1302 1211 1352 1256 ὡς
1380 1222 1417 1250 et
1444 1211 1538 1250 ὥστε
1562 1214 1687 1262 posito
1716 1227 1777 1262 pp.
1810 1226 1972 1251 20—22.

567 1286 611 1331 c)
670 1283 730 1319 De
758 1283 917 1319 infinitivi
944 1297 1011 1319 usu
1039 1284 1134 1319 finali
1160 1297 1221 1331 pp.
1255 1295 1299 1318 22
1330 1307 1338 1310 ’
1359 1296 1417 1327 24.

576 1352 615 1400 d)
674 1352 835 1389 Ceterae
864 1352 1022 1389 infinitivi
1049 1352 1172 1389 variae
1201 1366 1243 1388 ac
1270 1351 1490 1400 multiplices
1518 1360 1720 1389 structurae
1749 1352 1942 1400 quomodo
1964 1353 2100 1389 sensim

674 1430 713 1458 et
740 1421 926 1470 gradatim
956 1423 1110 1458 exortae
1139 1423 1208 1458 sint
1234 1435 1293 1470 pp.
1328 1435 1490 1468 24-31.

575 1492 610 1539 e)
670 1490 729 1526 De
758 1490 932 1526 infinitivo
961 1490 1164 1533 adiectivis,
1201 1490 1395 1533 adverbiis,
1433 1491 1672 1527 substantivis
1700 1491 1859 1527 notionis
1889 1490 2100 1539 explendae

674 1573 786 1595 causa
816 1560 945 1596 addito
975 1573 1037 1607 pp.
1070 1572 1230 1605 31-33.

520 1626 552 1681 ξ.
584 1640 617 1674 4.
674 1628 734 1665 De
764 1626 914 1665 articulo
944 1628 1119 1664 infinitivo
1149 1627 1293 1664 adiecto
1322 1641 1382 1676 pp.
1414 1630 1579 1675 33—-38.

546 1698 605 1733 De
636 1698 795 1733 infinitivi
822 1698 923 1744 apud
949 1696 1180 1744 Aeschylum
1208 1698 1437 1744 temporibus
1458 1698 1582 1745 capita
1610 1697 1753 1733 selecta
1780 1711 1842 1745 pp.
1875 1700 2043 1744 39-48.

519 1765 551 1819 ξ.
588 1780 614 1803 1.
672 1766 878 1813 Quomodo
895 1766 1028 1803 factum
1044 1766 1090 1803 sit
1114 1775 1153 1803 ut
1177 1774 1348 1815 tempora
1369 1766 1529 1803 infinitivi
1551 1766 1822 1816 distinguantur
1841 1779 1874 1815 p.
1904 1779 1963 1814 39.

674 1835 735 1871 De
763 1834 939 1871 infinitivo
968 1835 1074 1871 futuri
1101 1848 1163 1883 pp.
1195 1847 1360 1881 39——41.

519 1833 551 1887 ξ.
583 1848 615 1872 2.

520 1903 554 1957 ξ.
586 1918 617 1951 3.
674 1905 734 1941 De
762 1904 933 1941 infinitivo
963 1904 1116 1953 perfecti
1145 1918 1207 1953 pp.
1239 1917 1404 1951 42--43Δ

518 1975 551 2022 ξ.
583 1985 618 2018 4.
676 1974 735 2010 De
773 1974 982 2022 praesentis
1017 1982 1054 2010 et
1087 1973 1211 2010 aoristi
1249 1974 1427 2009 infinitivis
1465 1986 1561 2021 quae
1607 1974 1766 2010 maxime
1810 1983 1939 2011 notatu
1985 1975 2100 2022 digna

670 2043 742 2079 sint
768 2056 830 2091 pp.
863 2045 1029 2089 43-—48.

517 2112 553 2159 a)
611 2112 658 2147 Hi
690 2112 851 2148 infinitivi
883 2124 958 2160 quo
994 2112 1087 2148 inter
1121 2124 1162 2148 se
1200 2112 1371 2148 differant
1406 2112 1449 2148 iis
1489 2112 1695 2148 ostenditur
1737 2113 1838 2161 apud
1873 2111 2100 2161 Aeschylum

616 2181 807 2229 exemplis,
838 2181 899 2217 ubi
926 2193 999 2217 uno
1029 2181 1063 2217 in
1094 2181 1282 2217 enuntiato
1313 2181 1497 2217 coniuncti
1526 2190 1609 2217 sunt
1638 2195 1701 2230 pp.
1734 2193 1900 2229 43—45.

517 2251 557 2296 b)
614 2249 843 2299 Colliguntur
878 2251 958 2295 loci,
991 2251 1025 2286 in
1062 2250 1194 2299 quibus
1231 2250 1359 2286 aoristi
1391 2250 1567 2286 infinitivo
1604 2263 1666 2287 res
1701 2251 1928 2298 praeteritae
1963 2251 2098 2299 signifi-

614 2326 720 2356 catae
750 2327 834 2355 sunt
862 2332 924 2367 pp.
956 2324 1122 2365 45—46.

518 2391 551 2437 c)
608 2387 751 2436 Quibus
778 2388 869 2424 locis
896 2387 1092 2424 infinitivus
1117 2388 1326 2437 praesentis
1358 2396 1395 2424 et
1423 2388 1614 2424 infinitivus
1640 2388 1766 2424 aoristi
1796 2402 1865 2437 pro
1894 2390 2001 2426 futuri
2028 2389 2100 2426 infi-

618 2458 729 2496 nitivo
756 2458 920 2506 usurpati
951 2458 1023 2494 sint
1051 2471 1113 2506 pp.
1148 2459 1314 2504 46-48,
