2285 2900
1112 135 1153 169 14

155 235 257 272 τικὸν
284 238 396 272 λείπει
425 235 467 271 τὸ
495 234 558 278 δὸς
587 234 609 283 ἢ
638 239 792 283 ποίησον
822 234 844 283 ἢ
875 234 1031 282 εὔχομαι.
1089 232 1268 270 Attamen
1302 246 1348 270 ne
1386 234 1420 270 in
1460 233 1532 271 hoc
1569 234 1720 283 quidem
1765 232 1912 270 dicendi
1952 244 2096 281 genere

154 304 340 341 eiusmodi
373 304 500 340 verbis
537 317 636 353 opus
670 314 739 347 est,
775 305 881 353 quod
923 304 971 340 ab
1007 303 1068 340 illo
1113 316 1226 351 quem
1260 311 1373 339 antea
1412 303 1715 340 adumbravimus
1755 317 1822 340 usu
1858 302 2002 352 seiungi
2038 302 2096 338 vix

154 382 288 422 potest
307 372 362 426 Ἰεἴ.
392 373 570 423 Krueger
596 373 617 409 l.
653 373 675 411 l.
712 372 735 426 ξ
765 384 825 420 55,
861 386 889 416 1,
919 372 964 408 A.
994 385 1036 418 4:
1075 370 1260 415 ›absolut,
1291 372 1432 421 gewiss
1460 372 1559 409 ohne
1592 372 1828 422 Erganzung,
1862 370 2097 420 gebrauchte

153 456 240 478 man
257 443 330 478 den
351 441 507 479 Infinitiv
532 444 627 479 auch
644 456 706 479 zur
726 443 996 490 Bezeichnung
1019 443 1123 479 eines
1138 442 1354 479 Wunsches
1375 441 1642 491 xoptativisch),
1659 441 1714 479 als
1731 442 1814 479 eine
1828 441 1902 479 Art
1917 440 2067 495 Ausmf.
2080 457 2090 474 c

318 510 435 558 Apud
470 510 705 559 Aeschylum
739 511 850 559 igitur
885 511 1049 559 quinque
1092 511 1127 547 in
1165 510 1259 547 locis
1288 511 1501 547 huiusmodi
1537 511 1856 548 constructionem
1884 509 2092 558 deprehen-

153 580 287 616 dimus.
331 579 389 616 Ac
405 580 561 629 primurn
580 581 701 617 affero
717 580 790 617 hoc
821 579 1048 629 exemplum:
1081 580 1187 628 Sept.
1223 591 1295 627 253
1328 581 1406 616 θεοὶ
1433 583 1588 622 πολῖται,
1616 578 1666 627 μή
1693 594 1738 627 με
1767 580 1933 623 δουλείας
1959 586 2092 625 τυχεῖν;

150 662 198 685 ne
228 649 428 698 contingat
454 650 540 686 mihi
569 651 739 687 servitus.
798 649 969 686 Alterum
998 649 1179 685 invenitur
1209 649 1244 685 in
1281 648 1547 697 Aristophanis
1576 648 1700 685 fabula
1731 649 1928 691 Ranarum,
1956 648 1991 685 in
2019 661 2093 696 qua

152 717 328 766 Dionyso
356 718 518 755 iubenti:
551 717 716 764 Εὔχεσθε
745 719 789 765 δὴ
830 721 888 754 καὶ
922 718 1004 763 σφώ
1025 732 1061 754 τι
1089 721 1175 765 πρὶν
1202 716 1298 764 τᾶπη
1328 719 1445 764 λέγειν
1502 716 1713 765 Aeschylus
1741 717 1798 753 his
1828 717 2001 766 precibus
2028 717 2093 753 ob-

152 787 340 835 sequitur:
374 787 548 834 Δήμητερ
575 785 598 834 ἡ
627 788 794 834 θρέψασα
822 788 888 829 τὰς
916 786 1003 833 ἐμὰς
1030 788 1167 834 φρένας
1192 785 1321 835 ΙΕῑναί
1346 800 1391 832 με
1419 789 1497 821 τῶν
1511 788 1589 821 σῶν
1617 784 1723 830 ἄξιον
1749 789 1972 834 μυστηρίων,
1997 798 2093 834 quos

151 854 335 904 Aeschyli
363 856 480 905 ipsius
508 869 640 893 versus
671 868 758 892 esse
790 855 1014 892 scholiastes
1044 855 1213 892 affirmat.

315 925 353 962 In
383 924 497 962 tertio
527 923 768 974 explanando
799 923 887 960 loco
926 924 988 960 viri
1027 924 1129 960 docti
1158 924 1390 960 dissentiunt.
1450 923 1543 960 Sunt
1577 924 1694 959 <verba
1728 923 1762 959 in
1792 923 1921 971 Suppl.
1951 937 1982 959 v.
2021 936 2089 970 143

150 1007 235 1042 sqq.
266 1003 304 1030 et
334 994 498 1042 repetita
527 993 663 1030 eadem
691 994 726 1029 in
755 994 983 1030 hemichorio
1013 993 1133 1030 altero
1164 1007 1196 1031 V.
1236 1005 1299 1040 151
1336 1006 1435 1042 sqq:
1459 996 1600 1041 σπέρμα
1624 997 1759 1040 σεμνᾶς
1782 995 1874 1040 μέγα
1899 994 2038 1041 ματρός
2063 994 2067 1043 Ι

149 1062 262 1106 εὐνὰς
289 1063 449 1111 ἀνδρῶν,
478 1063 528 1110 ἐή,
554 1061 560 1114 Ι
586 1061 736 1109 ἄγαμον,
766 1061 956 1110 ἀδάματον
988 1065 1168 1110 ἐκφυγεῖν.
1226 1061 1342 1110 Quod
1366 1062 1596 1100 enuntiatum
1618 1061 1833 1099 Dindorfius
1861 1061 1896 1099 in
1925 1062 2090 1099 editione

148 1132 361 1168 Oxoniensi
409 1132 574 1179 itemque
607 1132 848 1167 Hermannus
886 1134 930 1179 (v.
974 1143 1042 1178 125
1082 1140 1120 1168 et
1164 1134 1251 1179 135)
1295 1132 1531 1168 referendum
1571 1145 1657 1168 esse
1694 1140 1849 1167 censent
1885 1131 1934 1167 ad
1972 1132 2089 1168 verba

150 1214 250 1249 quae
281 1201 525 1238 antecedant.
585 1200 827 1237 Antecedunt
864 1210 988 1237 autem
1022 1201 1056 1237 in
1090 1201 1211 1249 primo
1240 1200 1470 1237 hemichorio
1500 1201 1593 1237 haec
1621 1201 1752 1237 verba:
1790 1200 2089 1243 rstsvra'g-—aea-

127 1269 219 1318 ,τήρ
245 1269 249 1321 Ι
275 1277 491 1318 πρευμενεῖς
525 1272 690 1310 κτίσειεν,
727 1269 760 1304 in
797 1270 938 1305 altero:
984 1269 1110 1317 ῥύσιος
1146 1268 1311 1316 ἀδμήτας
1349 1271 1522 1315 γενέσθω.
1586 1270 1632 1305 Et
1670 1282 1761 1305 vero
1800 1277 1952 1305 exstant
1987 1269 2087 1317 apud

148 1338 383 1386 Aeschylum
412 1338 622 1375 huiusmodi
650 1338 813 1375 infinitivi
851 1338 1001 1375 liberius
1040 1338 1171 1381 additi,
1223 1339 1293 1375 sed
1329 1351 1404 1375 non
1441 1338 1492 1375 ita
1529 1351 1647 1387 saepe
1686 1338 1784 1375 aliud
1819 1338 1974 1375 adicitur
2003 1339 2086 1375 sub-

147 1408 301 1445 iectum.
361 1408 482 1444 Unum
512 1408 774 1444 tantummodo
806 1409 1017 1457 exemplum
1055 1408 1235 1444 memoria
1272 1417 1405 1444 teneo:
1440 1407 1548 1456 Sept.
1590 1419 1654 1455 15:
1683 1408 1786 1444 πόλει
1819 1407 2001 1456 τ’άρήγειν
2029 1411 2085 1444 καὶ

149 1480 251 1514 θεῶν
285 1479 469 1525 ἐγχωρίων
495 1477 499 1527 Ι
525 1480 680 1525 βωμοῖσι
715 1478 823 1524 τιμὰς
849 1478 899 1524 μὴ
928 1477 1182 1524 ’ξαλειφθῆναί
1216 1491 1313 1513 ποτε.
1373 1477 1577 1514 Praeterea
1610 1490 1782 1514 versuum
1822 1475 1966 1514 illorum
2000 1490 2083 1526 gra-

147 1547 243 1583 vitas
273 1545 456 1583 debilitari
484 1546 639 1588 videtur,
669 1547 729 1583 ubi
764 1547 1019 1583 Hermannum
1055 1546 1268 1594 sequimur;
1307 1559 1390 1582 nam
1421 1547 1592 1583 homines
1629 1546 1874 1583 vehementer
1907 1547 2086 1583 commoti

148 1628 388 1663 nequaquam
422 1616 596 1652 uberiore
634 1629 779 1663 genere
817 1615 968 1652 dicendi
1008 1615 1059 1651 uti
1098 1614 1233 1656 solent,
1267 1615 1336 1652 sed
1375 1615 1501 1663 potius
1534 1615 1638 1652 brevi
1674 1624 1714 1652 et
1746 1600 1930 1664 abrupto..
1983 1615 2084 1663 Qua-

148 1693 306 1734 propter
339 1684 424 1720 mihi
459 1683 581 1721 altera
616 1684 756 1721 arridet
790 1684 960 1720 Dindorfi
1000 1684 1188 1720 sententia
1235 1684 1267 1720 in
1304 1684 1471 1720 editione
1523 1683 1710 1732 Lipsiensi
1745 1684 1905 1733 prolata,
1944 1685 1977 1721 in
2012 1697 2086 1733 qua

150 1763 241 1802 post
270 1758 427 1790 κτίσειεν
455 1762 493 1791 et
522 1756 688 1800 γενέσθω
717 1754 954 1802 interpunxit,
983 1763 1023 1790 ut
1052 1754 1169 1790 verba
1198 1766 1332 1802 preces
1362 1766 1535 1790 sororum
1567 1752 1776 1802 supplicum
1805 1754 2030 1791 contineant.

312 1836 463 1873 Deinde
499 1837 854 1874 commemorandus
888 1846 947 1874 est
982 1835 1110 1885 suppl.
1145 1850 1177 1872 v.
1214 1839 1307 1883 635:
1349 1836 1490 1883 μήποτε
1532 1841 1740 1885 πυρίφατον
1774 1837 1844 1873 τὰν
1884 1841 2085 1884 Πελασγίαν

149 1906 256 1942 πόλιν
281 1905 286 1957 Ι
313 1906 378 1942 τὸν
407 1905 542 1954 ἄχορον
569 1907 660 1950 βοὰν
687 1911 806 1943 κτίσαι
834 1906 972 1954 μάχλον
989 1905 1076 1954 Ἄρη.
1111 1919 1180 1942 »ne
1208 1919 1367 1954 unquam
1397 1919 1532 1943 saevus
1549 1907 1651 1943 Mars
1681 1905 1924 1955 Pelasgorum
1954 1906 2082 1943 urbem

148 1975 325 2012 incendio
355 1974 521 2013 deleat«

316 2042 493 2094 Denique
523 2045 616 2082 Cho.
645 2059 679 2083 v.
714 2046 809 2093 368:
840 2045 957 2094 πάρος
985 2045 1049 2082 δὀἱ
1078 2045 1277 2089 κτανόντες
1313 2060 1372 2082 νιν
1403 2044 1523 2090 οὕτως
1552 2047 1719 2095 δαμῆναι,
1745 2046 1795 2084 ad
1824 2060 1936 2096 quem
1964 2045 2084 2084 locum

147 2115 388 2152 scholiastes:
420 2119 533 2151 λείπει
560 2116 601 2150 τὸ
630 2114 777 2161 (ὄφελον
805 2117 875 2163 πρὸ
903 2120 970 2151 τοῦ
997 2115 1201 2151 ἀποθανεῖν
1232 2116 1295 2151 τὸν
1322 2118 1469 2164 πατέρα.
1527 2116 1852 2165 Interpretandum
1882 2125 1941 2153 est
1975 2116 2085 2166 igitur

145 2197 228 2221 curn
268 2183 529 2231 Klausenio⁵):
580 2185 726 2233 »potius
762 2185 899 2221 utinam
941 2184 1211 2221 interfectores
1248 2184 1301 2220 sic
1331 2185 1554 2233 perissent«
1616 2186 1749 2222 Mirum
1780 2185 1946 2234 quidem,
1978 2185 2083 2234 quod

145 2253 394 2290 nominativus
437 2252 596 2289 subiecti
632 2253 778 2300 positus
818 2262 879 2289 est
920 2266 990 2301 pro
1040 2252 1260 2289 accusativo
1288 2267 1400 2301 quem
1431 2253 1510 2291 aliis
1539 2254 1724 2291 eiusmodi
1751 2253 1841 2291 locis
1869 2254 2081 2292 invenimus.

146 2321 384 2371 Accipienda
426 2330 552 2358 autem
595 2322 824 2358 constructio
853 2331 913 2358 est
947 2320 1157 2359 anacoluthi
1186 2321 1310 2364 instar,
1346 2323 1451 2371 quasi
1491 2323 1646 2360 verbum
1679 2323 1816 2360 finitum
1846 2332 2079 2372 sequeretur.

144 2391 192 2427 Et
231 2399 383 2427 exstant
425 2389 511 2425 alibi
554 2402 709 2437 quoque
752 2390 930 2426 eiusmodi
966 2390 1188 2431 nominativi,
1232 2389 1333 2426 velut
1376 2392 1449 2428 Od.
1495 2407 1527 2438 η,
1571 2403 1659 2438 311.
1703 2397 1732 2437 ξ,
1778 2402 1866 2438 375.
1898 2415 1948 2419 -
1992 2392 2079 2430 Eur.

145 2459 230 2498 Hel.
262 2462 351 2508 263.

300 2631 324 2676 ⁵)
370 2632 407 2663 In
431 2632 577 2664 editione
601 2630 698 2663 huius
721 2631 859 2663 fabulae.
902 2630 1034 2663 Gothae
1064 2632 1158 2670 1835.
