2285 2900
1105 95 1141 119 11

167 199 328 249 denique
360 198 464 248 quod
493 196 688 234 infinitivus
716 209 790 233 non
824 209 907 234 cum
943 196 1122 245 genetivo
1158 196 1327 244 iungitur,
1370 196 1439 232 sed
1474 209 1555 231 cum
1592 196 1633 232 iis
1661 196 1820 237 casibus.
1850 196 1912 245 qui
1938 197 2092 233 verbum

164 269 303 306 finitum
331 275 544 317 sequantur.

327 337 422 374 Hinc
452 335 624 373 concludi
651 343 791 384 potest,
820 335 1029 384 quicunque
1062 334 1223 371 infinitivi
1261 347 1367 371 usum
1400 335 1458 370 via
1495 341 1534 370 et
1568 334 1712 371 ratione
1746 335 2002 384 descripturus
2032 336 2088 374 sit.

165 407 199 443 ei
233 404 542 455 proficiscendum
574 417 662 441 esse
700 405 748 441 ab
783 403 843 440 illa
878 403 1044 441 infinitivi
1078 404 1221 452 origine
1244 413 1284 441 et
1317 403 1352 439 vi
1387 403 1593 451 principali.
1656 404 1783 452 Itaque
1818 404 1859 440 L.
1888 404 2024 452 Meyer
2053 404 2089 441 in

161 474 255 512 libro
290 475 340 511 de
375 473 578 511 Homerico
613 473 787 510 infinitivo
822 472 981 521 scripto,
1017 472 1080 522 qui
1113 473 1276 521 inprimis
1311 473 1423 509 laude
1458 471 1592 522 dignus
1632 481 1691 509 est
1720 473 1778 513 «cf.
1815 472 1905 521 Iolly
1945 475 1965 510 l.
2000 474 2021 511 1.
2052 487 2087 521 p.

166 547 238 592 71),
276 552 391 580 totam
424 542 588 579 infinitivi
620 542 791 579 sxntaxin
831 555 852 578 e
892 551 1023 578 natura
1065 555 1174 579 casus
1210 542 1322 579 dativi
1356 541 1535 590 explicat,
1590 555 1665 590 quo
1697 554 1758 578 res
1791 543 2016 590 longinquae
2050 552 2088 579 et

163 614 305 650 suturae
334 612 586 661 exprimantur
611 612 778 660 itemque
808 611 899 655 finis,
929 624 1042 660 quem
1071 611 1152 660 quis
1181 611 1249 648 sibi
1277 610 1533 660 proposuerit.
1596 610 1669 658 Qui
1700 610 1756 647 vir
1797 611 1931 648 doctus
1961 625 2086 660 quam-

162 696 272 732 quam
316 694 450 719 omnes
494 689 627 718 censet
667 679 862 717 infinitivos
905 679 1018 717 dativi
1060 693 1148 717 esse
1177 680 1317 718 formas
1347 689 1477 717 tamen
1510 689 1615 717 recte
1646 692 1743 728 quae
1774 680 1821 716 sit
1846 680 2007 729 genuina
2034 681 2088 717 vis

160 753 348 801 exposuit.
407 751 554 788 Etenim
582 750 741 786 locativo
759 750 869 787 idem
893 750 1078 787 declarari
1106 759 1242 799 potest,
1281 750 1385 800 quod
1414 751 1450 787 in
1479 750 1607 787 dativo
1636 749 1762 786 inesse
1790 749 1841 786 ait
1870 749 1910 786 L.
1942 749 2085 798 Meyer-

160 822 220 858 De
249 834 325 870 qua
351 819 584 858 similitudine
613 828 767 868 praeter
795 819 910 857 Curtii
938 819 1068 862 verba,
1104 832 1201 868 quae
1237 833 1352 869 supra
1392 833 1395 860 x
1405 833 1439 868 p.
1476 819 1540 871 ιο)
1569 819 1603 856 ἱη
1634 818 1795 855 medium
1823 821 1972 867 prolata
2002 829 2085 856 sunt

157 890 289 926 videas
332 902 430 937 quae
473 888 623 925 disserit
663 887 753 935 Iolly
780 890 802 925 l.
834 890 856 925 l.
885 902 921 936 p.
959 900 1050 935 131:
1093 901 1199 925 »vom
1228 889 1391 925 Locativ
1419 890 1557 937 geh'ort
1597 888 1747 925 hierher
1774 901 1841 924 vor
1869 887 1994 925 Allem
2022 888 2082 926 die

157 958 487 1007 Zielbedeutung.‹
523 956 706 994 Omnibus
734 965 861 993 autem
889 956 1047 994 infinitivi
1081 957 1268 994 Homerici
1305 958 1495 994 structuris
1533 970 1581 994 ex
1609 956 1669 993 illo
1707 957 1885 1005 principio
1913 957 2084 993 deductis

158 1029 199 1065 L.
229 1028 365 1075 Meyer
393 1040 523 1064 eorum
551 1039 649 1075 quae
678 1026 844 1063 ostendit
862 1026 961 1063 hanc
982 1026 1068 1063 facit
1095 1040 1288 1064 summam:
1319 1027 1419 1076 apud
1442 1027 1651 1063 Homernm
1680 1027 1890 1063 infinitivum
1920 1026 2080 1062 nondum

156 1110 223 1134 eas
250 1105 380 1146 partes
408 1104 549 1137 tenere,
579 1108 673 1143 quas
703 1103 830 1131 aetate
859 1096 1108 1143 provectiore,
1142 1097 1281 1145 quippe
1318 1109 1392 1145 qua
1419 1095 1610 1146 generalis
1639 1096 1743 1132 verbi
1771 1096 1960 1132 sententia
1988 1095 2083 1132 nulla

156 1166 308 1201 notione
339 1165 516 1201 adiuncta
544 1177 591 1200 eo
621 1177 806 1211 expressa
834 1164 881 1200 sit
909 1164 970 1212 Res.
1000 1164 1148 1212 Krijger
1181 1163 1203 1217 ξ
1236 1168 1284 1201 26
1315 1165 1363 1202 A.
1397 1166 1473 1213 7⁴):
1510 1165 1613 1202 »Der
1641 1165 1805 1212 lnfinifiv,
1841 1165 1916 1201 den
1946 1165 2082 1203 reinen.

153 1233 494 1282 beziehungslosen
523 1232 668 1281 Begriff
691 1232 761 1269 des
790 1232 975 1269 Verbums
992 1233 1266 1282 enthaltend‹);
1296 1234 1365 1276 sed
1399 1234 1556 1271 Homeri
1589 1234 1824 1282 temporibus
1857 1232 1971 1270 multo
2002 1246 2080 1270 cer-

155 1303 289 1341 tiorem
327 1314 486 1351 eamque
520 1301 679 1338 futuram
715 1302 751 1338 in
784 1301 958 1338 infinitivo
993 1302 1116 1339 inesse
1152 1303 1241 1346 vim,
1287 1316 1384 1352 quae
1414 1303 1564 1352 quidem
1592 1317 1614 1340 e
1644 1312 1777 1340 natura
1806 1316 1917 1339 casus
1946 1312 2081 1339 exorta

153 1374 209 1410 sit.
267 1372 316 1409 Et
353 1371 511 1408 maxime
545 1385 643 1420 quae
681 1372 763 1420 quis
796 1371 885 1409 velit
921 1380 959 1409 et
991 1386 1088 1421 quae
1116 1373 1193 1410 fieri
1224 1373 1370 1421 possint
1388 1373 1559 1410 infinitivo
1580 1373 1788 1422 significari.
1856 1372 2031 1422 Denique
2058 1387 2078 1409 e

154 1454 265 1479 casus
294 1449 425 1478 natura
452 1440 529 1477 hoc
558 1453 711 1490 quoque
741 1440 846 1483 effici,
882 1453 1068 1490 nunquam
1104 1441 1314 1478 infinitivum
1350 1442 1504 1478 subiecti
1535 1441 1622 1478 loco
1655 1442 1754 1491 poni,
1785 1456 1861 1491 qua
1889 1442 1938 1479 de
1966 1456 2079 1479 causa

152 1509 358 1554 articulum,
386 1510 488 1547 cuius
516 1509 727 1558 posteriore
756 1518 930 1559 tempore
958 1511 1058 1559 apud
1085 1510 1294 1547 infinitivum
1322 1524 1409 1552 usus
1438 1510 1616 1548 latissime
1644 1520 1785 1560 pateat,
1814 1511 1916 1560 apud
1939 1512 2077 1549 Home—

153 1593 231 1616 rum
256 1579 469 1628 appositum
496 1591 684 1627 nunquam
716 1591 816 1616 esse.

316 1647 432 1695 Quod
474 1659 700 1696 quamquam
743 1647 965 1695 quaestione
1009 1648 1239 1696 procedente
1282 1648 1445 1685 elucebit
1486 1649 1520 1685 in
1563 1648 1738 1697 Aeschyli
1782 1649 1916 1686 fabulis
1959 1659 1997 1686 ut
2044 1650 2079 1686 in

152 1725 323 1754 veterum
357 1716 558 1753 formarum
591 1715 714 1752 locum
748 1716 980 1753 recentiores
1022 1717 1243 1754 substitutae
1277 1717 1358 1760 sint,
1395 1718 1446 1754 ita
1482 1718 1594 1755 etiam
1622 1718 1793 1766 syntaxin
1821 1717 1934 1755 valde
1963 1728 2076 1756 muta—

152 1796 229 1824 tam
272 1800 371 1830 esse,
414 1794 540 1823 tamen
582 1785 694 1823 etiam
735 1786 844 1824 nobis
888 1786 1109 1823 ordiendum
1154 1800 1258 1824 esse.
1281 1799 1479 1824 censemus
1522 1787 1569 1824 ab
1598 1787 1639 1824 iis
1667 1788 1854 1825 structuris
1881 1787 1915 1824 in
1946 1788 2079 1837 quibus

150 1856 304 1906 pristina
332 1856 385 1893 vis
413 1856 571 1893 maxime
601 1855 758 1893 eluceat.
818 1856 913 1893 Hinc
942 1856 1037 1894 enirn
1069 1857 1262 1905 progressi
1301 1871 1375 1906 qua
1405 1858 1548 1895 ratione
1587 1872 1675 1895 usus
1710 1858 1845 1895 sensim
1874 1867 1912 1895 et
1939 1859 2075 1907 grada-

150 1926 212 1963 tim
240 1934 370 1962 auctus
400 1925 447 1962 sit
475 1933 590 1973 atque
620 1925 864 1974 amplificatus
891 1926 1010 1975 magis
1038 1926 1258 1964 videbimus.

312 1994 443 2043 Itaque
471 1994 626 2043 primum
655 1994 703 2031 de
732 2007 779 2031 eo
806 1994 966 2031 infinitivi
999 2007 1144 2043 genere
1174 2008 1342 2044 agemus,
1377 1996 1414 2032 in
1447 2010 1522 2045 quo
1559 1995 1731 2033 facillime
1748 2010 1858 2045 quarn
1887 1997 1932 2034 sit
1959 1997 2071 2033 infini—

148 2064 242 2101 tivus
271 2077 354 2101 curn
383 2063 600 2101 substantivi
628 2076 717 2100 casu
746 2071 930 2113 cognatus
959 2064 1199 2112 cognoscitur
1226 2065 1405 2113 quodque
1423 2066 1473 2102 ad
1500 2065 1747 2102 vetustissima
1775 2074 1947 2115 tempora
1975 2066 2067 2103 refe-

148 2135 303 2171 rendum
331 2142 400 2171 est.
434 2133 493 2183 (cf.
521 2131 611 2181 Iolly
640 2131 661 2169 l.
690 2133 713 2169 l.
744 2146 779 2181 p.
812 2133 914 2180 215).

273 2283 299 2323 4)
347 2283 387 2314 K.
415 2283 466 2316 W.
493 2283 632 2324 Kriiger,
659 2281 870 2314 Griechische
893 2281 1111 2324 Sprachlehre
1135 2282 1184 2314 fur
1208 2282 1362 2318 Schulen.
1388 2284 1439 2317 ed.
1466 2283 1505 2315 V.
1539 2286 1631 2324 1875.
