2285 2900
1049 199 1067 200 ἡ
1082 151 1123 190 38

130 260 339 297 universum
382 261 615 297 contendere
659 260 752 302 licet,
795 274 916 308 genus
957 261 1226 297 vocabulorum
1270 268 1309 296 et
1349 260 1671 296 enuntiatorum-a
1700 258 1834 307 quibus
1871 257 2084 293 infinitivus.

130 331 298 377 pendeat
327 342 399 365 non
429 330 480 366 ita
512 332 660 366 multum
689 331 736 365 ab
780 330 950 366 Homero
987 330 1176 366 diversum
1214 343 1312 366 esse.
1378 329 1530 366 Homeri
1566 336 1690 365 autem
1726 327 1847 364 multis
1884 326 1977 363 locis
2005 325 2067 363 ubi

133 398 347 438 nominativi
387 398 446 434 vel
488 399 691 436 accusativi
729 399 832 436 vices
875 399 1065 435 infinitivus
1108 399 1294 436 sustinere
1332 399 1478 435 videtur
1517 396 1627 447 plane
1663 397 1844 434 incertum
1879 404 1940 433 est
1971 395 2067 433 sitne

131 477 216 504 tunc
247 468 429 516 temporis
459 481 530 516 pro
561 482 651 505 casu
680 478 860 517 acceptus
889 481 1030 510 necne3
1061 478 1164 505 certe
1199 469 1349 504 dubium
1389 482 1474 504 esse
1506 476 1636 516 potest
1664 467 1752 515 quid
1782 467 1831 503 de
1858 465 1950 502 locis
1977 465 2066 501 iudi-

129 538 289 574 candum
317 538 364 574 sit
395 539 516 586 qualis
546 538 681 586 legitur
711 539 745 574 ΙΙ,
777 539 822 582 Κ,
861 548 930 584 173
962 540 1016 573 ἐπὶ
1049 543 1161 586 ξυροῦ
1192 540 1334 574 ἵσταται
1371 538 1487 585 ἀκμῆς
1514 536 1537 584 ἢ
1562 536 1659 584 μάλα
1688 536 1820 585 λυγρὸς
1853 523 2004 583 ὄλεθρὸς
2027 532 2069 582 ἦε

128 611 261 651 βιῶναι
289 608 348 645 vel
380 610 414 645 Il.
437 609 471 645 Α
506 611 579 655 258
609 611 641 645 οἳ
668 612 747 657 περὶ
776 611 843 656 μὲν
870 608 1006 655 βουλὴν
1043 611 1206 648 γΙαναυῖιν,
1233 612 1312 657 περὶ
1349 608 1458 644 (Uari
1491 606 1681 655 facilemque,
1716 606 1776 643 ubi
1806 604 2016 655 Herzoglus
2043 604 2066 641 l.

132 675 152 713 l.
183 690 220 725 p.
260 679 316 713 16.
355 687 396 722 17
428 678 583 713 subiecti
612 686 649 713 et
673 678 872 713 accusativi
911 677 1093 713 rationem
1128 678 1286 713 dilucide
1322 690 1509 725 apparere
1545 677 1644 712 dicit.
1702 676 1846 711 Atvero
1885 676 1984 710 idem
2013 674 2069 710 vir

132 746 270 783 doctus
300 746 426 796 paullo
456 755 544 795 post
576 749 626 795 (p.
664 749 723 795 17)
758 747 968 791 confitetur,
1013 747 1115 795 quod
1150 748 1318 796 proxime
1354 746 1448 783 illinc
1481 753 1735 795 consequatur
1768 744 1805 781 id
1836 744 1884 780 ab
1914 742 2069 781 Homeri

129 828 307 852 sermone
339 816 463 852 adhuc
492 817 639 859 abesse,
672 828 752 851 cum
782 816 875 851 aliae
905 828 1059 852 casuum
1090 817 1230 852 formae
1265 816 1418 852 articulo
1453 816 1631 864 apposito
1661 815 1827 862 insignes
1855 827 1943 850 esse
1973 812 2066 849 sole-

128 893 200 920 ant.
260 886 393 932 Meyer
423 899 514 921 vero
543 887 724 933 opinatur,
757 886 804 920 ab
849 886 1019 921 Homero
1071 887 1280 922 infinitivum
1313 886 1470 921 subiecti
1506 886 1564 921 vel
1598 884 1737 921 obiecti
1772 882 1858 920 loco
1903 882 2067 919 nondum

127 963 348 1003 usurpatum
378 967 476 991 esse.
540 953 649 1001 Quae
679 953 865 989 sententia
894 953 976 988 mihi
1008 954 1160 1002 quidem
1189 954 1261 990 hoc
1292 967 1383 990 sane
1413 954 1525 989 iuvari
1554 954 1711 997 videtur,
1741 952 1844 1001 quod
1875 951 2066 987 adverbiis

128 1037 228 1071 quae
257 1024 339 1072 ipsa
368 1037 522 1072 quoque
553 1037 663 1060 casus
693 1023 879 1071 quosdam
917 1037 1004 1059 esse
1040 1033 1191 1060 constat
1226 1025 1412 1061 Homerus
1450 1024 1641 1060 articulum
1676 1022 1820 1060 addere
1859 1035 1932 1059 non
1963 1020 2065 1057 dubi-

128 1092 233 1136 tavit,
261 1094 362 1129 velut
390 1093 432 1129 τὸ
459 1093 629 1141 πρόσθεν,
662 1093 703 1128 τὸ
731 1092 856 1140 πάρος,
891 1092 933 1127 τὸ
966 1092 1154 1141 πάροιθων.
1214 1094 1422 1142 Propterea
1466 1093 1548 1129 mihi
1594 1093 1708 1129 satius
1742 1092 1858 1128 visum
1886 1099 1946 1127 est
1974 1091 2069 1127 inter

128 1163 210 1199 illas
238 1163 439 1211 opiniones
470 1176 597 1199 secum
627 1171 839 1210 pugnantes
877 1162 1040 1199 medium
1075 1164 1182 1211 quasi
1216 1177 1360 1200 cursum
1395 1172 1523 1200 tenere
1561 1172 1602 1199 et
1636 1163 1671 1198 in
1705 1162 1818 1199 dubio
1858 1161 2068 1210 relinquere

130 1232 179 1268 ab
210 1232 385 1269 Homero
412 1232 607 1268 infinitivus
635 1245 704 1280 pro
736 1244 826 1268 casu
856 1233 902 1268 sit
931 1241 1115 1280 acceptus
1147 1246 1273 1270 necne.

296 1301 358 1336 Ad
394 1299 624 1347 Aeschylum
663 1309 788 1335 autem
832 1301 861 1336 si
899 1302 1117 1348 respicimus
1163 1303 1242 1338 eius
1281 1303 1511 1350 temporibus
1545 1302 1620 1338 hoc
1667 1302 1801 1337 facturn
1832 1301 1946 1337 fuisse
1977 1300 2094 1337 satis.

129 1384 322 1419 superque
353 1370 488 1406 crebro
519 1368 659 1406 articuli
688 1383 756 1406 usu
786 1369 1037 1407 confirmatur.
1099 1370 1212 1417 Quod
1243 1384 1334 1407 vero
1363 1371 1582 1419 genetivum
1611 1377 1651 1406 et
1686 1369 1848 1406 dativum
1886 1381 2067 1417 usurpare

130 1448 252 1488 poeta
283 1439 563 1488 quodammodo
593 1439 810 1475 reformidat
844 1440 926 1475 huie
965 1441 1017 1475 rei
1056 1454 1128 1475 non
1165 1441 1215 1476 ita
1253 1454 1426 1488 magnum
1467 1449 1695 1476 momentum
1734 1439 1922 1476 tribuerim
1955 1452 2067 1487 quum

130 1509 282 1546 fortuita
312 1522 399 1545 esse
430 1508 614 1552 videatur,
646 1508 711 1544 nisi
742 1508 836 1545 forte
867 1510 971 1557 quod
995 1509 1172 1556 Krueger
1206 1522 1271 1557 gr.
1303 1509 1341 1549 ΙΙ,
1376 1521 1436 1555 50,
1470 1512 1507 1552 6)
1530 1508 1796 1545 animadvertit
1823 1508 1895 1544 huc
1927 1507 2067 1544 referre

132 1577 244 1615 libet:
277 1577 377 1627 apud
408 1586 543 1626 poetas
574 1577 711 1625 lyricos
739 1577 927 1614 articulum
964 1591 1122 1627 perraro
1156 1579 1330 1615 infinitivo
1371 1592 1456 1614 esse
1494 1579 1703 1614 adiunctum
1741 1590 1813 1614 nec
1847 1577 1954 1613 facile
1989 1581 2066 1621 τοῦ,

131 1652 198 1696 τῷ,
229 1649 301 1684 sed
331 1646 552 1696 plerumque
582 1647 622 1682 τό
653 1647 686 1682 in
720 1661 787 1683 usu
819 1661 919 1684 esse.

297 1716 445 1764 Quodsi
466 1717 549 1765 quis
580 1717 727 1765 quaerit
751 1717 839 1765 quid
867 1717 961 1752 inter
988 1716 1182 1752 articulum
1205 1718 1389 1753 adiectum
1410 1718 1552 1753 intersit
1579 1727 1617 1753 et
1643 1718 1820 1753 omissum
1846 1716 2068 1764 saepissime

129 1787 253 1834 primo
282 1786 436 1834 quidem
471 1786 606 1821 obtutu
647 1786 862 1833 perdifficile
902 1787 969 1822 erit
1003 1796 1110 1822 certo
1145 1787 1284 1830 dicere,
1327 1800 1390 1823 cur
1427 1787 1488 1823 hic
1526 1787 1675 1823 additus
1711 1786 1757 1822 sit
1791 1785 1860 1823 illie
1898 1798 1972 1823 non
2009 1785 2067 1822 sit.

130 1855 231 1902 Quid
276 1855 386 1904 igitur
427 1855 568 1906 mirum,
610 1854 711 1902 quod
751 1855 784 1890 in
823 1855 922 1891 libris
958 1855 1216 1903 grammaticis
1254 1855 1325 1891 hae
1359 1865 1568 1892 structurae
1605 1868 1734 1904 parum
1775 1855 2069 1902 distinguuntur?

130 1924 242 1961 Velut
266 1924 452 1961 Matthiae
477 1923 500 1976 ξ
529 1935 603 1970 542
634 1924 710 1959 hoc
741 1925 949 1985 prae-cepit:
984 1925 1060 1961 »ost
1090 1925 1137 1961 ist
1167 1938 1209 1960 es
1240 1924 1484 1973 gleiclig'ultig
1513 1926 1564 1961 ob
1594 1938 1678 1961 man
1710 1925 1783 1961 den
1815 1923 1959 1961 Artikel
1987 1936 2067 1960 zum

128 1994 283 2030 Infinitiv
313 2002 444 2029 setzen
474 1992 543 2029 will
581 1994 676 2029 oder
706 1993 838 2029 nieht«
901 1994 1030 2042 Atque
1061 2002 1099 2030 ut
1135 1993 1344 2041 intellegas,
1374 2004 1514 2042 quanta
1542 1995 1577 2031 in
1609 1994 1816 2031 discrimine
1847 1993 2066 2030 definiendo

128 2061 326 2099 difficultas
358 2062 483 2111 posita
514 2062 560 2098 sit
590 2062 687 2098 haec
717 2062 779 2102 tibi
810 2076 988 2111 propono
1022 2062 1215 2111 exempla:

294 2133 400 2180 Sept.
433 2135 510 2178 656
541 2131 616 2167 ἀλλ)
647 2131 732 2167 οὔτε
761 2133 884 2168 κλάειν
912 2132 987 2169 οὔτ’
1018 2133 1215 2180 ὀδύρεσθαι
1243 2136 1378 2181 πρέπει.

296 2201 371 2250 Ag.
405 2213 477 2247 941
516 2210 591 2244 rof„-
619 2200 792 2245 15‘0‘mlmg
821 2216 856 2249 γε.
887 2205 943 2238 καὶ
976 2202 1017 2238 τὸ
1048 2204 1218 2238 νικᾶσθαι
1246 2204 1384 2251 πρέπει.

293 2271 347 2306 At
374 2271 410 2306 in
439 2284 613 2306 versuum
643 2283 825 2307 conexum
854 2272 882 2307 si
922 2272 1030 2308 altius
1067 2272 1310 2308 descenderis
1345 2273 1569 2310 observabis
1607 2273 1726 2309 verba
1767 2272 1934 2308 Eteoclis
1982 2286 2066 2320 spe-

128 2349 232 2378 ctare
263 2340 312 2377 ad
344 2348 489 2377 certam
520 2339 635 2388 ipsius
663 2338 911 2377 calamitatem
927 2342 975 2377 ad
1006 2349 1227 2389 certumque
1258 2341 1437 2390 temporis
1472 2342 1631 2390 spatium
1662 2353 1739 2390 quo
1769 2340 1961 2377 lamentari
1992 2353 2069 2377 non

128 2411 288 2455 deceat,
340 2410 670 2457 Clytaemnestrae
714 2410 838 2446 verbis
880 2411 1107 2447 sententiam
1148 2411 1320 2459 exprimi,
1361 2425 1457 2459 quae
1506 2425 1581 2448 non
1621 2410 1741 2448 solum
1779 2411 1828 2447 ad
1865 2409 1953 2447 illud
1990 2424 2066 2459 quo

128 2480 392 2529 pronuntietur
421 2487 571 2527 tempus
599 2477 736 2524 valeat,
768 2479 837 2515 sed
867 2480 1038 2516 omnibus
1069 2480 1301 2528 temporibus
1338 2481 1584 2530 omnibusque
1622 2479 1840 2518 mortalibus
1877 2480 2067 2517 destinata

129 2549 185 2585 sit.
244 2548 415 2585 Articulo
445 2547 540 2583 enim
572 2547 702 2583 addito
734 2547 926 2584 infinitivus
957 2549 1112 2597 propius
1142 2549 1292 2585 accedit
1328 2549 1376 2584 ad
1412 2550 1630 2586 substantivi
1666 2549 1847 2586 abstracti
1882 2557 2064 2586 naturam,

130 2620 227 2657 unde
258 2620 308 2663 fit,
338 2628 378 2656 ut
406 2616 622 2668 generalior
651 2618 704 2655 vis
733 2619 769 2655 in
795 2618 868 2655 hac
897 2627 1082 2656 structura
1111 2619 1206 2656 insit.
1240 2618 1298 2668 (cf.
1329 2619 1476 2657 Curtius
1505 2633 1560 2670 gr.
1591 2617 1613 2673 ξ
1645 2619 1751 2668 573).
