2285 2900
1114 145 1153 179 25

179 251 474 296 ἐξηγέομαι
504 249 605 283 Eum.
639 249 795 293 589.-—
825 248 1122 293 πιφαύσκω
1150 247 1254 282 Eum.
1292 249 1381 282 620.
1412 268 1463 272 —
1492 245 1678 292 φράζω
1706 243 1781 293 Ag.
1816 247 1902 290 236.
1935 264 1985 269 —-
2016 253 2095 289 ση-

175 298 345 365 natvm
374 317 450 367 Ag.
485 329 543 362 29.
574 340 625 344 —
655 315 975 364 ἀπαγγέλλω
1003 316 1067 364 Ag
1107 319 1193 362 605.
1230 339 1280 342 —
1311 318 1443 362 φημί
1478 314 1573 351 Cho.
1611 322 1720 359 1027.
1750 336 1800 340 —
1830 315 1966 361 λέγω
1994 311 2089 348 Cho.

182 397 269 433 274.
304 372 392 434 583.
452 387 564 422 Haud
592 386 643 421 ita
671 399 756 422 raro
787 395 877 433 post
907 386 1090 421 eiusmodi
1118 386 1235 421 verba
1262 385 1505 433 imperativus
1527 384 1713 419 adhibitus
1743 391 1811 426 est,
1842 391 1881 418 ut
1910 381 1940 418 si
1971 381 2091 429 magis

174 455 248 493 hoc
287 456 348 494 tibi
384 456 511 504 placet
545 455 758 491 infinitivum
796 468 864 503 pro
899 454 1119 503 imperativo
1161 454 1266 503 quasi
1308 453 1344 490 in
1381 453 1552 490 oratione
1592 452 1737 490 directa
1778 460 1877 488 stare
1918 459 2089 488 statuere

174 519 297 561 liceat.
327 524 370 561 cf.
401 524 476 572 Ag.
515 535 624 570 1334.
654 523 758 558 Eum.
793 533 878 569 539.
1133 517 1136 519 ’

335 595 395 631 Dii
439 594 597 630 oraculis
640 593 690 630 ad
733 592 965 629 suadendum
1008 592 1306 640 hortandumque
1351 601 1515 628 utuntur:
1566 606 1587 637 χ
1604 606 1623 639 ρ
1639 591 1662 627 α’
1678 606 1709 627 ω
1750 590 1853 627 Eum.
1902 602 1990 636 203.
2040 611 2083 617 -—

170 663 412 712 χρησμὸν
438 661 621 709 ὀπάζω
649 663 752 700 Eum.
784 665 870 710 623.

335 733 396 769 Ab
426 734 482 769 his
513 741 637 769 autem
666 734 790 769 verbis
818 746 941 780 paene
972 732 1057 769 nihil
1094 732 1265 768 differunt
1293 732 1410 768 verba
1449 731 1614 767 iubendi:
1653 731 1833 766 τάσσω
1862 731 1966 766 Eum.
1998 731 2091 774 639.

172 824 223 828 —
251 802 455 838 κελεύω
483 801 576 838 Cho.
612 804 697 848 769.
726 825 778 829 —
807 800 988 849 ἄνωγα
1016 801 1119 837 Eum.
1155 813 1242 846 902.
1273 823 1323 827 —
1360 802 1581 847 ἐφίεμαι
1621 799 1714 836 Cho.
1759 811 1869 847 1039.
1897 820 1949 825 —-
1980 799 2081 834 ἐπι-

172 873 381 907 στέλλω
421 872 527 918 Sept.
579 884 687 907 1012.
732 894 783 898 —
828 871 1126 911 ἐπιστολὰς
1166 873 1421 914 ἐφίεσθαι
1470 871 1525 905 Pr.
1556 882 1592 914 4.
1624 869 1922 914 -γνιόμην
1949 869 2082 912 λέγω

170 938 246 988 Ag.
284 952 392 987 1349.
423 964 474 968 —
503 942 729 987 κέλομαι
759 939 835 990 Ag.
871 952 982 976 1120.
1022 962 1074 966 —-
1110 937 1309 988 ὀτρύνω
1341 938 1416 989 Ag.
1456 951 1544 985 304.
1585 960 1635 964 —
1673 935 1954 985 ἐξοτρύνω
1984 935 2077 984 Sept

172 1012 259 1054 693.
295 1032 346 1035 —
381 1014 521 1045 καλῶ
559 1011 662 1045 Eum.
704 1011 788 1053 289.
825 1032 876 1035 —
913 1009 1240 1057 athoau‹)'dco
1275 1009 1348 1056 Ag.
1386 1019 1474 1054 514.
1504 1030 1556 1034 —
1592 1007 1753 1052 λόγον
1781 1007 2080 1053 προφωνέω

169 1077 273 1115 Pers.
312 1081 398 1125 366.
435 1101 486 1106 —-
524 1095 587 1126 μα
609 1079 773 1127 ρτύρο
788 1093 878 1126 μαι
915 1078 1022 1115 Eum.
1064 1081 1138 1125 643
1175 1078 1195 1115 i.
1231 1091 1261 1115 e.
1296 1091 1368 1115 vos
1404 1077 1516 1115 iubeo
1551 1084 1671 1114 testes
1709 1075 1850 1112 audire.
1885 1098 1934 1102 —
1965 1088 2079 1123 προ-

171 1149 350 1196 τρέπω
379 1148 435 1185 Pr.
468 1160 555 1194 990.
586 1171 636 1175 —
667 1149 957 1194 καταξιόω.
986 1148 1061 1198 Ag.
1094 1157 1177 1195 572.

334 1233 391 1268 Ex
419 1233 489 1269 hac
518 1246 610 1269 vero
648 1233 794 1269 dicendi
831 1233 973 1269 ratione
1011 1233 1199 1269 infinitivus
1239 1234 1287 1269 ad
1316 1246 1402 1270 eum
1437 1245 1588 1281 quoque
1619 1245 1725 1268 usum
1754 1242 1984 1279 progressus
2014 1236 2083 1273 est,

170 1308 209 1336 ut
243 1299 419 1337 infinitivo
457 1313 531 1338 non
567 1315 614 1338 ea
649 1302 908 1351 exprimantur,
946 1315 1044 1351 quae
1084 1302 1201 1339 futuro
1235 1310 1405 1352 tempore
1441 1315 1489 1339 ex
1521 1302 1716 1338 voluntate
1752 1299 1902 1337 iussuve
1932 1297 2082 1336 alicuius

169 1377 349 1404 eventura
387 1370 476 1414 sint,
514 1371 584 1407 sed
618 1386 673 1413 ea,
713 1385 811 1419 quae
846 1364 918 1408 sint
953 1373 1145 1419 praesenti
1187 1380 1376 1420 tempore,
1412 1381 1451 1408 ut
1486 1372 1606 1408 verba
1643 1370 1794 1407 dicendi
1829 1370 1976 1417 utrique
2006 1368 2085 1404 usui

169 1437 380 1476 inserviant.
438 1438 582 1477 Eadem
613 1447 737 1478 autem
765 1440 859 1478 ratio
889 1440 931 1478 iis
960 1440 1158 1491 significari
1195 1449 1346 1491 poterat
1375 1440 1583 1487 enuntiatis,
1616 1453 1713 1491 quae
1744 1453 1793 1478 ex
1822 1436 2083 1476 coniunctioni-

169 1508 237 1543 bus
267 1506 332 1546 ὅτι,
362 1506 413 1551 ὡς
441 1517 479 1544 et
506 1510 623 1546 verbo
652 1510 751 1546 finito
782 1519 955 1547 constent
992 1519 1030 1547 et
1066 1524 1162 1558 quae
1199 1512 1406 1559 cogitentur
1445 1510 1502 1547 vel
1536 1511 1702 1547 dicantur
1735 1510 1909 1546 indicent.
1977 1508 2083 1544 Haec

168 1575 277 1625 igitur
304 1584 566 1614 structurarum
596 1579 834 1615 commutatio
871 1579 1063 1616 notissima
1099 1593 1185 1617 mox
1220 1589 1258 1617 et
1295 1580 1536 1617 usitatissima
1571 1579 1728 1616 Graecis
1760 1578 1869 1615 fieret
1902 1576 2081 1626 oportnit.

169 1645 285 1681 Simul
313 1654 435 1682 autem
464 1655 646 1695 tempora,
677 1661 774 1695 quae
812 1649 845 1684 in
884 1649 1193 1685 enuntiationibus
1228 1650 1346 1685 verbo
1391 1649 1492 1685 finito
1536 1648 1701 1685 formatis
1738 1648 1811 1684 iam
1852 1647 1999 1696 pridem
2037 1646 2073 1681 di

171 1714 301 1751 stincta
332 1724 459 1752 essent
486 1716 521 1752 in
549 1716 755 1753 infinitivum
785 1731 936 1767 quoque
966 1719 1186 1755 inferrentur
1219 1732 1380 1756 necesse
1420 1727 1502 1756 erat
1550 1719 1609 1768 (cf.
1641 1719 1798 1767 Herzog
1829 1716 1852 1753 l.
1883 1718 1904 1754 l.
1935 1730 1973 1765 p.
2005 1729 2025 1765 3
2047 1718 2080 1764 1)

169 1785 334 1833 Itemque
365 1797 447 1821 curn
477 1785 573 1822 hunc
603 1786 638 1822 in
668 1787 817 1823 modum
847 1787 1005 1823 infinitivi
1035 1801 1121 1824 usus
1151 1788 1241 1824 mire
1277 1797 1481 1837 augeretur
1521 1801 1614 1824 unus
1648 1801 1755 1824 casus
1788 1785 2020 1822 accusativus
2047 1785 2081 1820 in

167 1854 333 1891 infinitivi
363 1856 553 1892 structuris
584 1856 801 1892 constitutus
831 1866 899 1899 est,
930 1858 990 1905 qui
1021 1867 1131 1894 antea
1160 1867 1250 1906 post
1284 1858 1468 1895 eiusmodi
1498 1857 1617 1894 solum
1643 1858 1806 1899 verbum,
1836 1870 1858 1892 a
1887 1869 1961 1904 quo
1990 1868 2079 1903 pen-

166 1924 258 1961 dere
288 1932 419 1973 posset
448 1932 643 1973 usurpatus
673 1924 861 1974 paullatim
897 1926 945 1962 ad
977 1939 1043 1963 eas
1073 1939 1225 1976 quoque
1255 1928 1438 1977 serpebat
1467 1927 1778 1969 constructiones,
1807 1926 1843 1962 in
1881 1925 2013 1974 quibus
2049 1924 2080 1960 si

166 1993 215 2030 ad
243 1994 437 2030 veritatem
472 2008 533 2030 res
569 1995 781 2043 exigeretur
816 1996 933 2032 inanis
972 2005 1076 2032 esset
1114 1997 1361 2034 accusativus.
1420 1999 1549 2046 Itaque
1585 1997 1721 2033 factum
1756 2004 1816 2033 est
1852 2003 1891 2031 ut
1928 2006 2078 2031 accusa-

168 2062 261 2099 tivus
290 2077 320 2100 c.
351 2063 411 2100 inf.
443 2064 504 2112 qui
531 2064 686 2111 primum
720 2065 754 2100 in
792 2065 844 2100 eis
881 2065 1136 2101 tantummodo
1171 2067 1367 2103 enuntiatis
1402 2066 1526 2103 locum
1559 2066 1736 2108 habebat,
1770 2066 1805 2101 in
1842 2064 1974 2113 quibus
2003 2063 2078 2100 duo

164 2131 314 2168 obiecta
355 2132 674 2181 coniungebantur
717 2132 777 2169 vel
820 2134 852 2170 in
897 2147 963 2170 eas
1005 2142 1206 2172 structuras
1250 2135 1435 2180 transiret,
1480 2136 1540 2172 ubi
1569 2134 1725 2172 subiecti
1757 2133 1842 2171 loco
1876 2132 2077 2170 infinitivus

166 2208 269 2237 stare
299 2200 454 2238 videtur.

324 2286 482 2323 Praeter
518 2286 577 2323 illa
616 2287 724 2337 igitur
759 2278 907 2325 dicendi
940 2290 1126 2326 vocabula
1164 2303 1261 2340 quae
1296 2304 1410 2340 supra
1449 2290 1483 2327 in
1516 2289 1679 2327 medium
1715 2287 1942 2338 protulimus,
1982 2288 2077 2326 haec

162 2368 317 2404 quoque
362 2357 411 2393 ad
454 2370 533 2393 rem
576 2357 840 2395 affirmandam
890 2358 1044 2396 consilio
1086 2359 1354 2409 voluntateque
1405 2360 1622 2409 posthabita
1669 2367 1905 2407 usurpantur:
1964 2373 1991 2395 π
2006 2374 2026 2407 ρ
2041 2374 2079 2395 ο-

159 2428 179 2460 λ
195 2426 247 2472 ἐγ
262 2440 293 2461 ω
331 2426 435 2474 Sept.
485 2436 570 2473 337.
620 2450 670 2453 —
715 2442 738 2463 α
756 2427 775 2463 13
791 2430 810 2463 ὁ
826 2428 848 2463 α’
865 2442 895 2464 ω
940 2429 1047 2477 Sept.
1092 2442 1202 2476 1042.
1247 2452 1294 2458 —-
1342 2435 1363 2466 λ
1380 2430 1399 2466 ό
1414 2445 1435 2478 γ
1452 2446 1471 2466 0
1487 2445 1504 2473 ς
1553 2431 1605 2465 ἐσ
1621 2443 1642 2465 τ
1657 2432 1699 2465 ίι·
1735 2427 1865 2477 Suppl.
1904 2438 1990 2476 295.
2027 2451 2076 2455 —

161 2493 320 2541 λόγος
349 2498 615 2532 τέτυκται
643 2496 718 2546 Ag.
754 2507 839 2544 754.
871 2520 919 2524 -—
949 2501 1252 2546 προφωνέω
1272 2499 1403 2549 Suppl.
1427 2503 1514 2545 617.
1541 2521 1593 2526 —-
1617 2497 1739 2534 ὃικά
1760 2500 1828 2543 ζα)
1854 2497 1929 2547 Ag.
1967 2509 2076 2543 1412.

160 2562 351 2612 (iudicium
381 2565 523 2614 edico).
553 2589 605 2592 —
635 2567 687 2602 ἓσ
704 2570 752 2602 τί
777 2581 804 2612 φ
821 2567 841 2613 ἡ
856 2582 879 2614 μ
898 2583 919 2614 η
948 2567 1075 2616 Suppl.
1110 2571 1194 2614 760.
1224 2592 1274 2595 —
1313 2585 1329 2605 ε
1345 2568 1402 2616 ὒχ
1418 2585 1437 2605 0
1452 2585 1477 2617 μ
1492 2584 1515 2605 α
1532 2584 1544 2604 ι
1571 2566 1698 2616 Suppl.
1731 2569 1821 2614 536.
1851 2567 1871 2603 i.
1901 2580 1935 2604 e.
1964 2566 2077 2617 glori-

158 2641 284 2670 antem
316 2634 456 2671 dicere.
486 2659 531 2662 -—
564 2636 822 2682 κυμπάζω
850 2637 1153 2685 Ag.1131.——
1194 2639 1522 2686 ἐπιλέγομαι
1556 2640 1632 2689 Ag.
1668 2648 1779 2681 1499·
1812 2658 1861 2663 —
1890 2638 2077 2683 φάσκω

1840 2716 1857 2740 4
