2285 2900
1119 150 1156 175 12

551 255 586 304 ἓ.
616 254 653 292 3.
716 254 776 291 De
803 252 1002 290 infinitivo
1031 252 1080 289 ab
1109 251 1200 288 aliis
1229 251 1363 288 verbis
1393 263 1471 288 non
1501 252 1710 299 pendente.

216 329 251 373 a)
303 327 375 360 De
418 325 711 360 infinitivo
754 325 958 359 iussum
999 322 1233 369 aliquod
1276 330 1328 357 et
1357 330 1611 369 optatum
1653 323 2033 371 significante.

317 394 504 440 ,Dativum
533 407 618 430 eum
648 406 734 430 esse
763 405 890 430 casum
919 391 1085 433 diximus,
1115 402 1192 439 quo
1238 389 1317 426 finis
1353 402 1465 438 quem
1499 391 1651 439 assequi
1685 390 1767 439 quis
1800 391 1888 428 velit
1915 391 2095 440 exprima-

164 474 221 501 tur
260 463 498 512 eandemque
528 464 600 500 vim
629 464 663 499 in
691 463 855 499 locativo
892 462 1025 497 inesse.
1083 460 1158 496 Iam
1194 472 1285 496 vero
1323 460 1530 508 imperativi
1566 469 1733 497 naturam
1769 475 1851 497 cum
1889 462 2096 498 accuratius

163 533 433 571 examinaveris
453 534 528 571 hoc
557 534 662 571 verbi
682 533 800 570 modo
822 545 946 582 paene
969 532 1068 567 idern
1089 531 1288 580 significari
1313 531 1522 581 intelleges.
1552 530 1739 577 Quidnam
1762 529 1859 568 aliud
1880 540 1940 568 est
1966 530 2094 569 iubere

160 605 207 640 ab
237 604 367 653 aliquo
397 604 476 641 fieri
508 603 646 653 aliquid
677 604 743 640 nisi
773 617 847 652 quo
876 609 1025 651 spectet
1053 600 1227 638 voluntas
1256 601 1359 638 alicui
1390 601 1566 638 edicere?
1608 601 1694 648 Qua
1723 601 1772 637 de
1801 615 1915 638 causa
1944 602 1979 638 in
2007 603 2093 639 mul·
2152 609 2154 611 '

159 674 205 710 tis
234 674 367 722 linguis
396 675 499 711 solus
528 674 674 711 dativus
700 674 789 710 satis
817 682 875 709 est
896 672 945 709 ad
965 672 1156 720 imperium
1177 670 1423 712 indicandum,
1452 672 1551 707 velut
1576 672 1722 708 Franco
1743 694 1792 699 —
1821 671 1918 709 Galli
1948 672 2091 710 dieunt:

164 756 234 780 »au
264 743 367 780 feu!‹
400 743 459 780 vel
496 756 566 779 nos
594 744 807 779 vernacule:
845 741 957 778 »Zum
986 741 1174 789 Angriffl«
1216 739 1401 788 (Wilhelm
1435 739 1455 776 l.
1484 742 1504 776 l.
1540 753 1576 788 p.
1616 743 1692 789 90).
1755 742 1935 779 Infinitivo
1969 752 2094 780 autem

159 813 338 861 quoniam
358 814 451 849 haec
480 813 533 859 vis
557 813 693 848 eadem
714 811 951 847 attribuenda
972 818 1029 846 est
1051 822 1125 845 non
1147 810 1218 845 iam
1240 808 1449 845 mirabimur
1476 809 1681 856 imperativi
1701 809 1788 847 loco
1817 812 1915 848 haud
1936 812 1988 848 ita
2008 825 2093 849 raro

158 882 371 918 infinitivum
399 882 496 929 poni.
558 882 694 928 Neque
723 893 814 922 vero
843 892 1044 927 puerorum
1075 877 1250 926 exemplo
1272 890 1367 925 opus
1396 886 1455 914 est
1474 876 1524 913 ad
1544 878 1755 915 huiusmodi
1776 881 2093 918 constructionem

160 950 433 1000 explicandam,
465 963 562 999 quos
591 949 763 986 infinitivo
793 949 842 985 ad
871 948 992 985 omnia
1025 947 1175 984 omnino
1211 946 1456 996 exprimenda
1493 947 1543 984 uti
1578 947 1655 984 iure
1693 947 1735 985 L.
1768 948 1902 997 Meyer
1930 950 2092 987 animad-

159 1020 278 1056 vertit.
337 1019 408 1056 Est
447 1027 569 1055 autem
598 1018 656 1054 ille
685 1031 772 1053 usus
808 1018 1059 1065 perantiquus,
1100 1017 1240 1064 quippe
1279 1030 1353 1064 quo
1386 1018 1553 1064 syntaxis
1593 1018 1753 1054 infinitivi
1786 1018 1976 1055 Homerici
2011 1033 2093 1056 cum

163 1091 369 1139 linguarum
400 1089 572 1125 Ariarum
599 1087 871 1125 consuetudine
902 1087 1007 1135 quasi
1029 1098 1179 1123 conexa
1196 1086 1242 1123 sit
1268 1086 1406 1136 quique
1431 1087 1466 1123 in
1489 1086 1658 1125 omnibus
1674 1086 1754 1124 fere
1771 1086 1902 1136 linguis
1918 1088 2093 1139 Indoger·

163 1159 281 1195 manis
321 1158 524 1194 inveniatur
555 1158 616 1204 (cf.
635 1156 767 1204 Jollyl.
792 1158 814 1193 l.
846 1169 882 1204 p.
912 1155 1013 1206 215).
1050 1155 1108 1191 Ac
1137 1164 1266 1203 potest
1291 1169 1338 1191 ex
1366 1156 1521 1193 Homeri
1550 1157 1775 1193 carminibus
1804 1171 1928 1205 paene
1957 1159 2094 1195 infinita

163 1227 289 1264 talium
308 1228 625 1264 constructionum
643 1226 755 1274 copia
776 1225 910 1267 afferri,
941 1238 1052 1273 quam
1074 1226 1124 1261 ob
1148 1238 1224 1261 rem
1248 1224 1473 1274 Apollonius
1494 1225 1684 1274 Dyscolus
1713 1226 1763 1263 de
1791 1236 1929 1264 constr.
1960 1227 2013 1269 111,
2042 1240 2092 1274 44

164 1298 258 1332 hanc
289 1296 439 1332 dicendi
470 1296 651 1331 rationem
681 1296 766 1337 ἔθος
794 1295 1039 1330 Homericum
1076 1293 1252 1341 appellat.
1311 1294 1463 1330 Ponitur
1498 1303 1622 1330 autem
1669 1295 1771 1343 apud
1804 1295 2015 1332 Homerum
2054 1306 2094 1333 et

163 1366 315 1402 alterius
358 1374 396 1401 et
438 1365 570 1401 tertiae
606 1363 815 1412 imperativi
857 1376 1047 1412 personae
1094 1360 1180 1399 loco
1216 1363 1287 1399 etsi
1330 1363 1483 1411 saepius
1539 1364 1690 1400 alterius
1726 1376 1915 1412 personae
1951 1364 2093 1402 vicibus

167 1436 337 1482 fungitur.
396 1435 635 1482 Quamquam
656 1434 729 1470 hoc
757 1433 955 1470 discrimen
980 1432 1310 1481 grammaticorum
1337 1433 1600 1471 tantummodo
1631 1433 1816 1471 inventum
1840 1442 1915 1477 est;
1952 1447 2035 1472 nam
2053 1447 2092 1472 re

166 1516 257 1540 vera
286 1512 389 1539 certa
421 1516 585 1551 persona
613 1501 725 1538 menti
756 1514 833 1537 non
864 1502 1096 1537 obversatur.
1129 1500 1239 1548 Quid,
1258 1502 1359 1550 quod
1375 1502 1410 1537 in
1440 1503 1692 1539 monumentis
1722 1510 1892 1538 veterum
1920 1503 2092 1539 indorum

162 1572 346 1608 eiusmodi
388 1572 553 1608 infinitivi
595 1572 654 1607 vel
698 1571 810 1607 dativi
857 1584 965 1607 casus
1004 1570 1199 1607 cuiuslibet
1241 1571 1446 1619 imperativi
1494 1585 1683 1620 personae
1713 1572 1816 1609 vices
1846 1572 2026 1617 obtinent,
2056 1581 2095 1609 ut

161 1641 447 1690 quodammodo
478 1640 592 1677 etiam
622 1640 739 1689 prima
767 1640 814 1676 sit
841 1639 1049 1689 imperativi
1079 1652 1255 1688 persona.

324 1711 380 1746 Ex
408 1711 582 1747 Homero
611 1710 770 1759 exempli
799 1710 922 1758 gratia
951 1710 1022 1746 hos
1043 1722 1214 1759 congero
1236 1709 1365 1746 locos:
1397 1715 1434 1750 B,
1469 1721 1512 1757 75
1537 1709 1639 1758 ὑμεῖς
1667 1709 1855 1748 δ’ἄλλοθεν
1882 1711 1985 1748 ἄλλοι
2013 1714 2094 1760 ἐρη-

161 1781 262 1803 τύειν
290 1767 463 1802 ἐπέεσσιν.

324 1826 365 1864 Η,
399 1831 445 1868 79
475 1821 605 1867 τεύχεα
633 1820 792 1867 συλήσας
820 1822 964 1869 φερέτω
992 1825 1114 1864 κοίλας
1144 1823 1200 1857 ἐπὶ
1227 1825 1327 1868 νῆας,

324 1896 430 1939 σῶμα
458 1893 497 1927 δὲ
526 1890 636 1927 οἴκαδ’
674 1891 761 1937 ἐμὸν
796 1891 946 1938 δόμεναι
981 1891 1099 1927 πάλιν.
1160 1893 1317 1939 (φερέτω
1352 1900 1391 1928 et
1430 1892 1580 1939 δόμεναι
1621 1894 1670 1930 ad
1710 1893 1857 1930 tertiam
1885 1905 2091 1942 personam

161 1970 335 2011 spectant
362 1974 445 1997 cum
477 1961 621 1997 Hector
649 1961 763 1996 verba
794 1961 904 1996 faciat
933 1961 982 1996 ad
1013 1964 1140 2009 Τρῶας
1168 1964 1225 1997 καὶ
1256 1960 1474 2009 εὐκινημίδας
1502 1962 1682 2011 Άχαωίς).

323 2032 361 2067 In
398 2030 582 2068 eiusmodi
615 2030 725 2078 igitur
757 2030 946 2066 structuris
983 2030 1164 2067 Kuehner
1210 2032 1364 2068 verbum
1405 2031 1670 2070 voluntativum
1715 2032 1964 2082 supplendum
2006 2046 2091 2069 esse

159 2101 368 2143 arbitratur,
396 2099 497 2136 velut
524 2100 638 2142 ἔθελε,
666 2100 832 2148 itemque
860 2100 900 2136 L.
931 2100 1067 2148 Meyer
1094 2099 1208 2147 ὄρσεο,
1237 2103 1289 2136 ’ἰθι
1316 2102 1376 2138 vel
1410 2103 1483 2138 tale
1513 2103 1600 2151 quid
1636 2111 1674 2139 ut
1702 2101 1782 2139 illos
1815 2115 1946 2139 versus
1979 2102 2090 2150 expli-

161 2183 290 2207 cemus
318 2169 574 2207 necessarium
604 2182 692 2205 esse
723 2177 837 2217 putat.
895 2169 975 2206 Sed
1018 2169 1135 2218 ellipsi
1172 2170 1317 2207 minime
1353 2172 1449 2220 opus
1485 2185 1571 2209 esse
1604 2172 1690 2209 mihi
1726 2172 1884 2210 videtur.
1947 2172 2092 2210 Etenim

159 2242 215 2278 his
243 2241 426 2278 infinitivis
455 2239 638 2277 absolutis
667 2252 742 2276 non
770 2239 928 2288 simplex
958 2239 1060 2277 notio
1089 2248 1203 2289 atque
1234 2240 1371 2278 infinita
1400 2241 1591 2284 indicatur,
1620 2252 1660 2279 ut
1687 2243 1739 2279 ait
1768 2243 1925 2292 Herzog
1953 2238 1987 2292 p.
2025 2243 2090 2285 18.¹

160 2311 220 2347 ubi
249 2310 393 2359 ellipsin
422 2310 532 2346 statui
561 2309 674 2351 iubet,
703 2310 772 2346 sed
801 2310 918 2357 regio,
948 2323 1023 2358 quo
1053 2311 1136 2358 quis
1157 2312 1287 2347 tendat
1314 2321 1378 2348 aut
1406 2313 1444 2348 id
1473 2312 1577 2360 quod
1606 2322 1817 2361 expetatur.

324 2379 440 2427 Viget
468 2387 591 2415 autem
619 2378 832 2414 huiusmodi
859 2378 1018 2415 infinitivi
1046 2392 1146 2424 usus,
1177 2392 1401 2429 quamquam
1429 2393 1499 2430 pro
1531 2380 1647 2418 altera
1677 2390 1820 2418 tantum
1848 2394 2015 2430 persona
2043 2382 2092 2418 ibi

161 2457 369 2498 usurpatur,
398 2448 434 2484 in
463 2448 591 2485 Attico
621 2461 773 2497 quoque
805 2460 990 2490 sermone,
1019 2449 1121 2485 cuius
1150 2449 1251 2497 apud
1285 2450 1556 2498 Thucydidem,
1602 2450 1814 2494 Platonem,
1844 2449 2091 2500 Sophoclem,

161 2518 459 2555 Demosthenem
494 2530 571 2554 non
614 2519 664 2555 ita
695 2531 817 2567 pauca
858 2527 1008 2555 exstant
1044 2517 1230 2566 exempla.
1293 2519 1353 2556 Ac
1386 2533 1432 2556 ne
1468 2519 1662 2567 Aeschylo
1699 2521 1851 2570 quidem
1883 2521 2092 2570 incognitus

163 2596 231 2625 est.
290 2589 475 2637 Equidem
505 2589 668 2637 quinque
698 2588 872 2637 exempla
901 2589 1032 2633 inveni,
1071 2601 1228 2637 quorum
1264 2589 1420 2637 primum
1456 2599 1514 2627 est
1541 2591 1577 2627 in
1614 2590 1733 2629 Prom.
1764 2605 1798 2628 ν.
1832 2602 1930 2637 712:
1962 2590 2015 2635 οἶς
2042 2591 2092 2639 μὴ

162 2652 335 2705 πελάζειν
375 2659 443 2708 (οἷς
470 2685 523 2693 Ξ
554 2658 740 2707 Σκύθαις),
779 2658 854 2696 ἀλλ’
889 2657 1096 2702 ἁλιστόνοις
1130 2658 1244 2702 πόδας
1270 2658 1273 2711 Ι
1297 2664 1525 2709 χρίμπτουσα
1565 2662 1743 2709 ῥαχίαισιν
1787 2663 1941 2710 ἐκπερᾶν
1967 2661 2092 2708 χθόνα,
