2285 2900
1087 153 1131 192 46

313 266 434 302 Prom.
466 277 541 312 503
572 264 731 313 ἄργυρόν
761 279 816 307 τι,Ί
843 265 994 312 φήσειεν
1022 261 1200 313 πάροιθεν
1229 266 1388 312 ἐξευρεῖν
1417 266 1522 311 ἐμοῦ,
1555 263 1637 312 quis
1666 271 1861 313 argentum
1890 253 2133 319 {tutemet-⁶}

149 347 172 371 a
200 348 241 371 se
271 335 372 371 dicet
398 335 587 371 inventum
616 335 727 371 esse?
1918 380 1919 383 Ἴ
1942 334 1950 379 ‘⁴
2013 333 2030 339 ”
2164 320 2165 323 ¹
2238 324 2247 333 ς

314 403 443 453 Suppl.
486 415 557 451 295
597 404 700 452 λόγος
729 407 826 451 Ζῆνα
868 427 911 431 —-
944 405 1116 450 μιχθῆναι
1149 403 1313 452 Iuppiter
1350 415 1431 439 cum
1464 402 1552 440 Ione
1585 415 1626 439 se
1660 403 1822 440 iunxisse
1855 402 1979 441 fertur.
2021 409 2064 431 --'

149 474 235 511 ibid.
270 464 338 520 '291
378 475 511 522 (φημι).
1993 526 1996 530 .
2055 462 2059 477 ³

312 542 387 591 Ag.
431 552 527 590 1013
566 544 611 579 σὺ
645 542 791 592 δ’ἄνιῖρα
824 542 929 580 τόνδε
961 545 1034 590 φῂς
1069 543 1164 579 ἑκών
1198 551 1446 585 κατακτανεῖν,
1484 542 1596 590 μόνος
1633 562 1676 567 —-
1720 546 1915 587 βουλεῦσαι
1942 543 2066 599 φάγον

148 612 286 649 chorus
316 610 510 654 exclamat,
540 620 677 661 postea
705 625 816 661 quam
839 612 1046 660 Aegisthus
1075 626 1097 649 a
1125 626 1167 648 56
1192 613 1349 648 caedem
1377 619 1631 660 perpetratam
1659 625 1748 648 esse
1776 612 1972 650 confessus
1992 604 2061 652 est'.

148 682 239 719 Ibid.
272 687 345 728 635
380 684 539 730 (λέγειν).
575 694 664 726 1041
704 682 838 732 (φημί).
879 695 975 728 1342
1008 681 1196 731 (εἰῖχοιιιαν.

313 751 407 789 Cho.
455 763 550 798 1027
593 759 739 786 κτανεῖν
778 752 818 785 τέ
857 764 947 797 φημι
986 750 1109 798 ¹unte'Q'
1145 750 1210 785 οὐκ
1239 750 1327 786 ἄνευ
1357 752 1464 796 δίκης,
1499 763 1596 798 quae
1629 749 1756 787 verba'
1779 751 1940 788 Orestes
1968 760 2073 801 *po'st

151 829 311 856 matrem
339 820 598 868 interemptam
628 819 818 868 eloquitur.

315 890 419 926 Eum.
453 894 522 925 611
559 890 687 937 δρᾶσαι
713 888 781 936 γὰρ
810 886 933 936 ὥσπερ
962 890 1062 925 ἐστὶν
1090 888 1155 924 οὐκ
1188 887 1396 936 ἀρνούμεθα
1431 896 1489 924 651
1522 889 1695 936 profecto
1732 903 1754 924 a
1790 890 1897 926 nobis
1931 889 2071 927 facinus

149 959 398 997 commissum.

315 1029 409 1065 Cum
435 1028 509 1064 hoc
537 1041 626 1064 vero
655 1041 722 1064 usu
752 1028 963 1064 cavendum
991 1038 1050 1065 est
1081 1043 1127 1065 ne
1155 1028 1437 1065 commisceatur
1462 1028 1624 1065 aoristus
1645 1036 1734 1077 post
1753 1031 1838 1077 πρὶν
1857 1029 2072 1078 particulam

149 1098 309 1148 positus,
340 1110 450 1147 quem
479 1110 756 1145 saepenumero
786 1107 825 1134 et
853 1100 1052 1134 vernacule
1084 1108 1122 1134 et
1151 1099 1282 1134 Latine
1310 1098 1513 1146 praeterito
1541 1097 1601 1134 vel
1629 1098 1752 1135 futuro
1781 1107 1912 1136 exacto
1936 1097 2068 1137 ⁴reddi-

149 1181 242 1205 mus.
287 1168 511 1206 Declaretur
538 1182 599 1205 res
628 1168 801 1216 exemplo
831 1167 949 1205 Prom.
984 1170 1057 1215 825
1092 1166 1114 1204 α’
1141 1171 1226 1216 πρὶν
1252 1171 1375 1215 μολεῖν
1402 1166 1496 1215 δεῦρ’
1526 1167 1792 1215 ἐκμεμόχθηκεν
1818 1167 1950 1216 φράσω
1974 1181 2072 1218 quae

150 1244 352 1286 antequam
380 1238 451 1274 huc
480 1237 695 1286 pervenerit
722 1250 909 1285 perpessa
939 1237 987 1272 sit
1014 1237 1247 1284 patefaciam.
1308 1238 1362 1273 Ex
1389 1238 1431 1273 iis
1466 1238 1563 1273 enim
1599 1250 1696 1285 quae
1733 1251 1846 1285 supra
1882 1235 1931 1274 de
1965 1237 2071 1275 huius

148 1305 313 1344 voculae
343 1315 473 1344 natura
501 1316 614 1355 atque
645 1306 788 1354 origine
817 1306 852 1342 in
880 1306 1043 1342 medium
1074 1305 1288 1355 protulimus
1317 1319 1553 1355 consequens
1590 1313 1658 1348 est,
1697 1313 1736 1342 ut
1769 1306 1949 1355 temporis
1983 1319 2071 1344 nus-

148 1389 263 1425 quam
305 1372 398 1413 ratio
439 1376 633 1419 habeatur,
680 1375 783 1411 sicuti
831 1384 940 1411 »ante
983 1376 1211 1411 adventum«
1248 1389 1328 1411 cum
1361 1376 1528 1412 dicamus
1564 1384 1712 1423 tempus
1750 1388 1823 1411 non
1861 1376 2067 1425 respicitur.

148 1446 276 1482 Potius
305 1459 353 1482 ex
380 1446 701 1494 praepositionum
729 1444 962 1481 similitudine
991 1459 1074 1481 cum
1102 1448 1187 1492 πρίν
1215 1444 1470 1493 explicandum
1500 1444 1547 1481 sit
1576 1451 1737 1493 apparet
1768 1442 1974 1494 simplicem
2009 1445 2072 1495 qui

149 1514 280 1551 dicitur
307 1514 518 1551 infinitivum
545 1515 653 1563 sequi
681 1515 836 1552 debere.
897 1515 1034 1562 Neque
1065 1514 1232 1550 diversus
1263 1524 1320 1551 est
1348 1516 1450 1550 locus
1478 1514 1584 1562 Sept.
1617 1525 1693 1561 454
1730 1514 1816 1550 licet
1852 1514 1989 1560 futuro¹
2008 1527 2070 1552 ex-

146 1592 235 1620 acto
264 1592 446 1621 vertatur:
485 1588 663 1632 κεραυνοῦ
700 1608 748 1612 ——
783 1588 841 1620 νὶν
874 1586 977 1628 βέλος
1014 1584 1197 1629 ἐπισχέθοι
1229 1587 1313 1631 πρὶν
1348 1584 1434 1631 ἐμὸν
1476 1585 1641 1631 ἐσθορεῖν
1674 1583 1795 1631 δόμον.
1853 1583 2071 1634 Pariterque

146 1653 254 1702 Sept.
295 1667 330 1691 v,
371 1655 441 1700 285
480 1654 782 1701 interpretandus
819 1662 889 1690 est.
956 1653 1119 1689 Omnino
1154 1661 1280 1688 autem
1322 1653 1377 1688 bis
1414 1665 1496 1688 cum
1533 1653 1745 1701 praesentis
1778 1652 1952 1690 infinitivo
1985 1655 2072 1703 ’πρὶν

145 1723 400 1759 consociatum
429 1731 509 1759 est:
540 1722 667 1771 Suppl.
710 1735 795 1770 702.
834 1723 908 1771 Ag.
954 1727 1071 1769 1067;
1110 1735 1192 1758 cum
1229 1721 1369 1758 aoristo
1405 1722 1533 1758 decies
1569 1723 1709 1759 sexies:
1743 1722 1799 1760 Pr.
1835 1724 1922 1769 825.
1961 1722 2068 1772 Sept.

146 1796 210 1838 63,
246 1793 333 1838 285,
366 1802 455 1837 454,
492 1793 601 1836 1048.
633 1791 734 1828 Pers.
764 1803 852 1838 502,
886 1803 971 1837 712.
1005 1790 1134 1838 Suppl.
1169 1802 1229 1836 33,
1262 1802 1323 1835 40,
1357 1802 1443 1837 772,
1478 1792 1565 1837 788,
1592 1803 1678 1838 799.
1702 1791 1777 1840 Ag.
1817 1802 1927 1839 1479,
1956 1803 2068 1839 1539,

152 1862 266 1907 1658.
291 1860 384 1897 Cho.
410 1871 497 1907 575.
549 1860 684 1909 Neque
706 1861 803 1897 unde
826 1870 908 1897 orta
929 1861 975 1896 sit
996 1859 1177 1896 eiusmodi
1207 1868 1417 1907 temporum
1444 1860 1540 1896 ratio
1572 1860 1716 1896 difficile
1747 1868 1807 1896 est
1835 1858 2068 1910 intellegere,

143 1942 227 1965 cum
248 1942 319 1965 nos
341 1943 492 1978 quoque
516 1943 599 1966 cum
621 1930 904 1978 praepositione
926 1937 1055 1966 nostra
1089 1941 1201 1964 »vor«
1236 1937 1409 1976 punctum
1439 1928 1590 1977 saepius
1620 1928 1832 1977 incipientis
1876 1929 2067 1978 temporis»

144 2010 258 2047 quarn
287 2010 366 2034 rem
395 2010 436 2034 56
466 1998 715 2047 explicantem
744 1999 1020 2047 coniungamus

310 2067 470 2103 Videtur
518 2068 628 2104 etiam
673 2069 729 2105 Pr.
766 2070 826 2113 48.
862 2068 1037 2104 infinitivo
1072 2067 1201 2104 aoristi
1226 2080 1284 2103 res
1314 2066 1516 2116 praeterita
1551 2066 1759 2116 significari,
1792 2066 1853 2104 ubi
1878 2065 2067 2106 Vulcanus

143 2137 304 2174 officium
333 2137 402 2174 sibi
431 2137 674 2186 perodiosum
704 2137 937 2173 abominatus
965 2137 1060 2173 haec
1088 2136 1205 2172 verba
1233 2135 1432 2175 exclamat:
1472 2138 1586 2183 ἔμπας
1614 2151 1670 2180 τις
1696 2136 1814 2183 αὐτὴν
1841 2139 1917 2184 (sc,.
1935 2151 2067 2185 χειρω-

145 2206 290 2257 ναξίαν)
334 2206 443 2249 ἄλλος
485 2206 628 2252 (ὄφελεν
670 2212 808 2252 λαχεῖν;
854 2221 876 2243 ο
910 2208 940 2243 51
974 2206 1066 2243 alius
1103 2206 1183 2255 quis
1221 2205 1382 2254 adeptus
1417 2214 1521 2243 esset
1554 2205 1746 2243 artificium
1780 2209 1923 2244 meum!
1986 2204 2066 2251 Sed

142 2276 327 2325 temporis
367 2275 537 2312 indicium
572 2288 645 2312 non
680 2276 715 2312 in
749 2276 889 2313 aoristo
924 2281 1045 2323 λαχεῖν
1083 2274 1336 2324 quaerendum
1369 2275 1476 2311 nobis
1510 2283 1577 2318 est,
1610 2274 1751 2311 verum¹
1771 2276 1806 2311 in
1839 2275 2064 2324 imperfecto

143 2345 297 2392 (ὄφελεν,
328 2354 417 2393 post
445 2345 547 2393 quod
576 2345 798 2381 vocabulum
826 2346 1030 2394 simplicem
1058 2346 1240 2382 habemus
1270 2344 1495 2381 infinitivum:
1525 2345 1693 2381 debebat
1722 2344 1888 2393 adipisci.

197 2414 231 2461 c)
290 2413 466 2462 Quibus
493 2415 611 2451 locis
639 2414 887 2451 infinitivus
916 2414 1179 2464 praesentis
1210 2420 1253 2449 et
1282 2412 1536 2449 infinitivus
1566 2413 1732 2449 aoristi
1760 2426 1839 2461 pro
1867 2413 2010 2450 futuri

803 2485 1028 2520 infinitivo
1057 2483 1270 2530 usurpati
1299 2483 1398 2519 sint.

305 2551 422 2590 Tales
451 2560 656 2590 structuras
686 2553 914 2590 Forssmann
941 2553 962 2591 l.
994 2555 1015 2591 l.
1053 2566 1088 2602 p.
1124 2562 1164 2597 71
1201 2550 1430 2599 Madvigium
1464 2559 1615 2588 secutus
1644 2564 1692 2587 ex
1719 2549 1897 2600 analogia
1924 2550 2061 2603 verbo-

137 2636 218 2669 rum
247 2622 399 2661 iubendi
428 2624 633 2674 explanare
661 2622 800 2660 studuit
825 2623 882 2660 vel
918 2624 977 2666 ita,
1010 2631 1050 2659 ut
1080 2620 1291 2672 supplenda
1320 2621 1367 2657 sit
1399 2619 1523 2670 aliqua
1557 2621 1661 2658 notio
1689 2620 1808 2659 velut:
1842 2622 2059 2672 εἱμαρμένον
