2285 2900
1130 192 1167 222 18

645 299 670 346 ἓ
698 299 734 335 3.
765 299 825 334 De
852 298 1049 334 infinitivo
1077 299 1127 333 ab
1154 297 1246 333 aliis
1275 298 1409 333 verbis
1437 299 1650 344 pendente.

330 450 332 453 y
679 412 714 453 a)
771 408 846 444 De
891 408 1178 444 infinitivo
1224 408 1621 456 epexegetico.

344 477 613 514 Consideranti
645 477 738 518 mihi,
769 491 843 526 qua
872 478 931 513 via
960 477 1007 512 ab
1038 478 1158 513 altero
1197 476 1258 513 illo
1291 477 1451 513 infinitivi
1480 490 1623 526 genere
1653 487 1844 513 transeam
1876 476 1924 513 ad
1954 475 2109 512 alterum

178 555 383 595 peroptato
414 547 444 582 is
474 547 628 583 offertur
659 548 867 588 infinitivus,
898 548 958 594 qui
988 548 1036 581 ab
1067 546 1140 582 alio
1178 547 1370 582 enuntiato
1403 546 1454 582 ita
1490 548 1634 594 pendet
1667 556 1706 583 ut
1736 547 1840 595 quod
1870 547 1941 583 iam
1973 535 2109 582 dictum

177 617 224 652 sit
252 615 378 664 paullo
410 618 620 653 accuratius
652 617 898 658 describatur,
930 616 991 664 qui
1022 615 1165 665 pendet
1194 604 1255 658 ita,
1285 625 1323 652 ut
1354 615 1638 665 quodammodo
1671 615 1864 653 absolutus
1897 616 1955 660 sit,
1992 627 2108 664 quare

179 698 200 720 a
228 686 484 733 grammaticis
515 686 857 733 interpretibusque
888 685 1084 721 infinitivus
1114 685 1265 721 liberius
1304 686 1454 721 additus
1485 685 1543 721 vel
1573 685 1738 722 similiter
1765 695 1925 722 vocatur.
1985 685 2108 732 Quem

178 755 342 790 infinitivi
378 769 482 791 usum
523 765 562 791 ut
607 755 757 790 omnino
799 755 833 790 in
873 755 1079 802 linguarum
1122 754 1515 802 Indogermanicarum
1553 755 1802 791 monumentis
1845 754 2004 803 antiquis
2048 754 2108 802 (cf.

179 822 269 871 Iolly
305 837 340 872 p.
381 823 474 875 215)
519 824 569 860 sic
607 823 708 872 apud
745 823 953 859 Homerum
992 835 1146 871 quoque
1192 822 1250 859 Vel
1288 823 1446 859 maxime
1484 825 1666 859 excultum
1706 824 1926 863 invenimus;
1971 831 2109 871 postea

178 893 319 929 sensim
355 894 706 941 pedetemptimque
743 892 969 928 imminuitur.
998 940 1003 945 .
1036 893 1104 928 Est
1139 901 1263 929 autem
1308 907 1328 929 e
1366 893 1478 928 dativi
1523 902 1576 939 get
1615 892 1779 940 locativi)
1824 902 1956 929 natura
1996 891 2108 940 expli-

178 962 331 998 candus.
390 962 529 999 Dativo
561 962 657 998 enim
687 974 776 998 casu
808 974 853 997 ea
883 962 955 997 iam
972 974 1086 1009 supra
1110 962 1299 997 docuimus
1328 961 1537 1009 significari,
1566 974 1664 1009 quae
1694 975 1740 998 ex
1768 962 1847 997 aliis
1875 974 2105 1011 consequan-

178 1039 245 1072 tur,
276 1044 336 1067 res
368 1031 681 1077 conditionesque
719 1043 816 1077 quae
854 1030 931 1065 aliis
968 1030 1183 1066 efficiantur.
1242 1030 1351 1076 Quae
1385 1030 1495 1065 dativi
1535 1031 1589 1066 vis
1617 1030 1777 1066 dilucide
1809 1039 1968 1078 apparet
1995 1031 2105 1067 etiam

180 1099 214 1135 in
246 1099 424 1136 infinitivo
454 1109 544 1148 post
572 1099 761 1135 adiectiva
789 1108 828 1135 et
856 1098 1034 1135 adverbia
1063 1099 1199 1147 posito,
1229 1099 1262 1134 in
1291 1099 1424 1147 quibus
1453 1099 1595 1148 gradus
1625 1098 1849 1148 significatio
1877 1098 1983 1138 inest.
2005 1097 2108 1135 velut

182 1172 336 1215 τηλίκος,
366 1169 480 1211 τόσος,
511 1181 607 1216 quae
638 1177 821 1204 structura
851 1169 923 1204 iam
953 1169 1055 1216 apud
1084 1168 1290 1205 Homerum
1321 1169 1560 1205 usitatissima
1596 1178 1665 1205 est.
1725 1168 1869 1204 Horum
1897 1168 2007 1216 igitur
2036 1168 2108 1204 infi-

182 1238 374 1274 nitivorum
404 1238 440 1274 in
468 1251 620 1273 numer*u
653 1237 766 1274 etiam
796 1236 854 1273 ille
877 1237 1072 1273 infinitivus
1103 1238 1371 1287 epexegeticus
1393 1238 1585 1274 ducendus
1616 1247 1684 1280 est,
1715 1237 1776 1286 qui
1807 1237 1908 1285 apud
1936 1236 2108 1284 Aeschy-

181 1308 254 1342 lum
283 1319 356 1342 non
386 1307 436 1342 ita
466 1319 570 1342 rarus
599 1306 786 1342 invenitur.
846 1305 1057 1342 Adhibetur
1093 1315 1218 1342 autem
1261 1307 1303 1342 iis
1340 1307 1573 1354 potissimum
1608 1306 1711 1345 locis.
1749 1307 1784 1342 in
1821 1306 1953 1354 quibus
1982 1320 2109 1354 quam-

182 1387 294 1422 quam
331 1376 380 1411 ad
414 1375 638 1411 sententiam
678 1374 934 1411 illustrandam
974 1374 1111 1423 aliquid
1145 1375 1230 1410 novi
1267 1374 1448 1411 adiciatur
1484 1388 1644 1412 necesse
1682 1388 1757 1411 non
1808 1384 1878 1416 est,
1915 1384 2039 1412 tamen
2074 1385 2111 1411 ut

182 1442 327 1490 plenior
357 1444 515 1479 orationi
545 1443 705 1479 addatur
742 1456 856 1479 sonus
887 1444 1027 1491 aliquot
1067 1444 1184 1479 verba
1220 1444 1460 1490 adiungenda
1495 1457 1582 1479 esse
1618 1454 1734 1491 poeta
1772 1454 1916 1480 censet.
1979 1444 2109 1492 ltaque

183 1521 315 1560 spreta
339 1512 518 1560 particula
547 1512 789 1548 consecutiva
825 1512 963 1560 quippe
1001 1525 1074 1560 qua
1111 1512 1261 1560 propria
1299 1521 1337 1548 et
1373 1513 1571 1560 peculiaris
1605 1513 1785 1549 existeret
1815 1512 1994 1549 enuntiati
2023 1525 2110 1560 pars

182 1581 359 1617 infinitivo
389 1581 505 1622 utitur,
537 1593 611 1629 quo
640 1579 725 1616 nihil
756 1593 843 1616 esse
879 1581 914 1616 in
951 1589 1146 1629 utramque
1182 1590 1326 1629 partem
1360 1582 1589 1617 commodius
1625 1590 1761 1630 potest,
1800 1595 1846 1617 ne
1881 1582 1971 1629 quid
2006 1581 2110 1617 nimis

183 1659 287 1687 arcte
320 1663 402 1686 cum
433 1650 686 1687 enuntiatione
719 1650 971 1687 antecedente
1007 1652 1210 1687 cohaereat
1245 1664 1339 1686 neve
1369 1651 1473 1688 nimis
1503 1650 1684 1688 subtiliter
1715 1651 1762 1687 ab
1793 1664 1840 1688 ea
1868 1651 2109 1688 discernatur.

348 1735 427 1772 Sed
462 1735 551 1783 quid
584 1733 705 1771 multis
741 1735 832 1771 meis
869 1735 990 1771 verbis
1028 1748 1124 1784 opus
1168 1736 1244 1771 est?
1321 1734 1513 1784 Exemplis
1555 1749 1600 1772 ex
1636 1735 1829 1783 Aeschylo
1863 1735 1947 1783 ipso
1985 1735 2111 1783 petitis

182 1803 274 1840 illius
304 1804 462 1840 infinitivi
491 1813 622 1840 natura
651 1804 822 1840 facillime
854 1805 1104 1850 cognoscitur.
1167 1805 1273 1840 Haec
1303 1806 1376 1840 iarn
1405 1806 1440 1840 in
1471 1805 1598 1841 medio
1629 1817 1899 1852 proponemus.

347 1887 455 1935 Sept.
487 1889 575 1923 623.
606 1887 721 1934 σάρκα
749 1887 928 1933 δ’ήβιῆσαν
961 1888 1044 1932 φύει
1072 1887 1076 1936 Ι
1101 1887 1182 1933 παρ)
1220 1888 1371 1930 ἀσπίδος
1407 1890 1601 1934 γυμνωθὲν
1647 1886 1805 1935 ἁρπάσαι
1838 1887 1936 1934 δόρυ,
1978 1888 2110 1935 quibus

183 1957 310 1992 verbis
338 1956 534 1992 iuvenilem
563 1956 664 1991 senis
694 1956 892 1991 Lasthenis
922 1956 1090 2003 vigorem
1120 1965 1237 2004 poeta
1283 1956 1468 1993 describit.
1526 1955 1723 1993 Sententia
1751 1956 1867 2004 prima
1896 1968 1940 1992 ac
1968 1955 2108 2004 gravis-

183 2026 278 2061 sima
321 2025 535 2061 continetur
576 2024 761 2072 prioribus
802 2024 934 2064 verbis,
979 2038 1076 2073 quae
1122 2034 1160 2061 ut
1204 2025 1341 2073 aliquid
1383 2026 1580 2061 illustretur
1617 2034 1655 2062 et
1683 2033 1885 2061 exornetur
1915 2025 2108 2061 infinitivus

183 2095 456 2142 epexegeticus
485 2094 634 2129 additus
663 2102 733 2129 est.
794 2093 877 2128 Hoc
920 2094 1013 2129 enirn
1058 2095 1202 2130 roboris
1239 2096 1450 2142 exemplum
1486 2103 1523 2130 et
1560 2095 1666 2142 quasi
1701 2095 1829 2142 imago
1859 2103 1947 2131 ante
1976 2095 2108 2130 oc'ulos

183 2164 291 2200 nobis
321 2163 554 2212 proponitur.
586 2162 719 2198 Latine
748 2175 837 2198 vero
867 2163 957 2198 verti
986 2176 1056 2199 non
1085 2171 1214 2211 potest
1240 2163 1305 2199 nisi
1341 2172 1403 2199 aut
1439 2164 1630 2199 vocabulo
1660 2164 1898 2200 consecutivo
1927 2172 1964 2199 et
1991 2164 2109 2199 verbo

183 2233 287 2269 finito
317 2241 381 2268 aut
409 2233 522 2280 plane
552 2244 651 2268 nova
681 2232 942 2267 enuntiatione.

349 2316 449 2352 Pers.
491 2318 576 2361 265.
615 2311 634 2361 ἦ
669 2318 906 2362 μακροβίοτος
938 2313 995 2350 οδε
1034 2318 1074 2362 γε’
1108 2331 1162 2359 τις
1197 2316 1200 2366 Ι
1227 2316 1320 2352 αἰών
1363 2316 1506 2363 ἐφάνθη
1539 2325 1702 2364 γεραιοῖς,
1732 2316 1880 2353 ἀκούειν
1915 2317 1997 2352 τόὸε
2024 2316 2109 2364 πῆμ’

184 2385 352 2422 ἄελπτον.
412 2384 571 2421 Laxiore
608 2396 702 2419 nexu
738 2383 792 2419 hic
829 2397 978 2432 quoque
1019 2385 1216 2421 infinitivns
1249 2398 1329 2421 cum
1371 2385 1497 2421 verbis
1531 2387 1784 2433 praegressis,
1822 2395 1860 2422 ut
1897 2398 2110 2434 pronomen

184 2455 243 2491 Me
273 2454 397 2504 paullo
427 2454 648 2490 certioribus
678 2454 809 2489 finibus
841 2454 1156 2490 circumscribatur
1184 2455 1403 2491 coniunctus
1436 2463 1501 2490 est.

349 2539 451 2574 Pers.
493 2549 580 2584 593.
625 2540 770 2573 λέλυται
817 2538 883 2584 γὰρ
925 2539 1008 2580 λαὸς
1050 2540 1223 2586 ἐλευθερὰ
1265 2539 1391 2584 βάζειν
1434 2537 1611 2574 liberatus
1650 2549 1709 2575 est
1736 2538 1897 2588 populus
1926 2549 1965 2575 ut
1995 2539 2110 2576 libere

187 2608 371 2656 loquatur.

349 2676 480 2724 Suppl.
516 2687 602 2721 205.
620 2677 827 2722 φνλάξοιιιαι
848 2677 1230 2724 1)ssminda‘ttaelttl'tjai‘mt
1262 2680 1369 2714 σέθεν
1395 2681 1398 2718 i
1426 2678 1556 2720 κεδνὰς
1576 2679 1734 2725 ἐφετμάς
1768 2679 1929 2715 servabo
1959 2679 2113 2727 imperia
