2285 2900
1175 84 1218 108 20

218 188 431 224 collocatus
472 197 558 224 ante
592 189 828 237 participium
865 187 1073 226 infinitivus,
1109 199 1189 222 cum
1228 186 1311 222 alibi
1350 185 1560 234 praecedat
1596 185 1632 221 id
1663 185 1824 226 verbum,
1860 197 1936 232 quo
1966 184 2154 221 sententia

217 256 442 306 gravissima
470 257 692 294 continetur.

380 325 484 361 Eum.
518 337 605 373 335.
637 330 748 362 τοῦτο
772 327 840 373 γὰρ
861 326 968 371 λάχος
989 326 1155 360 ’ἵὶπενταία
1181 340 1184 352 ·
1212 324 1314 372 Μοῖρ’
1350 327 1554 360 ἐπέκλωσεν
1583 326 1747 371 ἐμπέδως
1777 325 1870 369 ἔχειν
1901 352 1906 357 .
1936 351 1942 357 .
1973 351 1978 357 .
2010 351 2015 357 .
2043 321 2154 370 ὁμαρ-

217 404 293 432 τεῖν
320 390 405 432 iam
436 394 535 432 haec
565 395 662 434 enim
699 409 783 433 sors
811 409 832 432 a
870 395 948 432 fato
984 395 1162 432 atu-‘liuta
1196 394 1305 432 nobis
1343 403 1413 438 est,
1452 394 1502 432 ita
1536 404 1575 432 ut
1613 394 1748 432 eadem
1784 406 1933 443 semper
1962 401 2000 430 et
2027 391 2152 430 immu—

215 473 295 501 tata
323 474 484 501 maneat.
516 496 521 502 .
555 495 560 501 .
594 497 599 502 .

379 534 604 570 Huiusmodi
633 535 812 570 infinitivis
841 535 870 570 si
900 535 1145 582 negationem
1180 547 1420 582 praeponere
1459 533 1569 570 voles
1607 547 1680 570 non
1716 534 1897 581 particula
1926 532 1978 575 ού,
2007 532 2076 568 sed
2104 532 2153 578 μή

215 602 433 652 usurpanda
464 611 533 640 est.

383 673 489 721 Sept.
540 684 596 719 15.
641 673 741 708 πόλει
784 672 964 719 τ’ἀρήγειν
991 675 1047 707 καὶ
1095 675 1194 708 θεῶν
1237 675 1420 719 ἐγχωρίων
1446 673 1449 721 l
1476 676 1639 718 βωμοῖσι.
1683 672 1789 718 τιμὰς
1820 673 1869 717 μὴ
1903 671 2155 716 ’ξαλειφθῆναί

213 757 304 779 ποτε
336 766 383 769 -
414 756 461 779 ne
490 742 771 790 exstinguantur
799 754 961 789 unquam
992 741 1171 778 honores.

381 811 471 847 Ibid.
497 821 609 856 1077.
633 805 694 846 ὅδε
719 813 910 856 Καδμείων
937 809 1176 866 ἤρυξε.πόλιι·
1203 809 1206 860 Ι
1232 810 1512 857 μάνατραπῆναι
1540 810 1623 856 μηδ’
1646 809 1866 845 ἀλλοδαπῶν
1891 809 1895 860 1
1923 810 2055 856 κύματι
2072 822 2151 854 φω-

217 884 296 917 τῶν
324 883 631 928 κατακλυσθῆναι.
662 903 710 908 -›
741 879 908 916 defendit
936 880 1064 916 urbem
1095 893 1140 916 ne
1172 888 1452 928 perverteretur
1485 892 1579 916 neve
1618 879 1903 929 peregrinorum
1932 878 2031 915 unda
2059 878 2149 914 viro-

215 964 295 987 rum
325 951 667 999 superfunderetur.
1288 951 1290 953 ’

382 1020 451 1057 His
479 1033 571 1057 vero
601 1020 789 1056 structuris
820 1020 935 1056 multo
967 1019 1138 1056 usitatior
1168 1028 1225 1056 est
1254 1018 1337 1061 alia,
1376 1028 1414 1056 ut
1442 1018 1615 1056 articulus
1645 1019 1686 1055 τό
1714 1019 1908 1069 negationi
1938 1019 2150 1055 antecedat.

216 1090 276 1125 De
307 1103 385 1137 quo
415 1090 563 1125 dicendi
593 1102 734 1136 genere
764 1097 903 1136 postea
933 1088 1147 1136 diligentius
1177 1090 1435 1136 disquiremus.

345 1159 385 1207 b)
445 1158 519 1194 De
561 1157 844 1194 infinitivo
887 1166 1022 1206 post
1064 1158 1389 1206 particulas
1433 1157 1497 1200 (ὀ,-
1539 1167 1591 1194 et
1634 1157 1770 1193 ὥστε
1813 1157 2023 1205 posito.

384 1241 530 1278 Eodem
569 1242 681 1277 modo
711 1254 786 1289 quo
822 1242 1017 1277 infinitivus
1047 1242 1322 1291 epexegeticus
1357 1242 1597 1289 explicandus
1625 1250 1715 1289 post
1747 1240 1798 1283 ὡς
1826 1251 1865 1277 et
1888 1239 1984 1276 ὥστε
2013 1240 2150 1276 infiniti-

215 1324 286 1346 vus
316 1310 475 1351 videtur,
505 1310 637 1358 quibus
667 1311 853 1357 particulis
886 1312 1005 1346 altera
1042 1311 1251 1347 enuntiatio
1289 1312 1336 1346 ab
1374 1312 1492 1346 altera
1521 1312 1740 1357 plerumque
1771 1319 1976 1357 separatur⁴
2035 1309 2149 1357 Apud

217 1379 424 1416 Homerum
462 1378 611 1427 quidem
643 1377 694 1422 (ὣς
729 1381 990 1416 tantummodo
1024 1380 1301 1428 significatione
1349 1378 1443 1416 finali
1477 1380 1697 1416 instructum
1726 1388 1793 1419 est.
1824 1379 1929 1428 quod
1965 1391 2150 1427 nunquam

217 1458 344 1485 tamen
374 1461 456 1484 cum
484 1448 660 1484 infinitivo
691 1449 936 1498 coniungitur,
967 1450 1036 1485 sed
1065 1463 1148 1486 cum
1170 1449 1403 1485 coniunctivo
1434 1449 1510 1485 sive
1541 1450 1640 1485 nudo
1668 1449 1745 1485 sive
1774 1447 1821 1484 ἄν
1849 1447 1905 1484 vel
1934 1450 1996 1483 κέν
2025 1448 2149 1496 ampli—

216 1519 330 1555 ficato
367 1527 405 1555 et
439 1518 620 1566 optativo.
656 1519 717 1567 qui
755 1519 836 1567 ipse
868 1533 1020 1568 quoque
1059 1519 1105 1556 ἅν
1139 1521 1197 1556 vel
1226 1521 1287 1555 κέν
1315 1531 1443 1556 secum
1469 1528 1531 1556 aut
1559 1519 1675 1556 habet
1702 1528 1765 1556 aut
1793 1532 1867 1555 non
1895 1518 2025 1555 habet.
2045 1515 2150 1554 Ὠστε

216 1599 311 1623 vero
348 1587 448 1636 apud
484 1586 690 1623 Homerum
736 1589 851 1636 longe
887 1587 1052 1636 plurimis
1099 1587 1193 1624 locis
1229 1587 1431 1636 particulae
1471 1589 1756 1637 comparativae
1796 1588 1901 1623 vices
1930 1587 2086 1623 sustinet
2114 1595 2152 1622 et

215 1671 299 1693 cum
329 1656 381 1699 ὠς
410 1658 627 1693 commutari
656 1667 795 1705 potest.

385 1725 541 1762 Duobus
586 1727 703 1762 solum
739 1727 830 1762 locis
860 1727 894 1762 vi
931 1727 1177 1764 consecutiva
1193 1728 1243 1763 uti
1278 1727 1441 1764 videtur:
1480 1728 1516 1765 Il.
1552 1728 1576 1771 I,
1608 1740 1655 1774 42
1690 1730 1720 1764 εἰ
1747 1730 1788 1763 δέ
1823 1740 1878 1764 σοι
1907 1727 2011 1776 αὐτῷ
2039 1728 2156 1776 θυμὸς

216 1797 413 1830 ἐπέσσυται
443 1818 494 1821 -
524 1793 576 1837 ὥς
604 1810 644 1831 τε
674 1798 827 1831 νέεσθαι.
862 1819 910 1822 ——
949 1796 1056 1832 Alter
1090 1798 1197 1833 locus
1227 1806 1285 1833 est
1313 1796 1385 1833 Od.
1415 1812 1444 1844 ο,
1476 1810 1516 1833 21
1553 1798 1596 1832 οὗ
1629 1799 1696 1845 γὰρ
1724 1800 1779 1834 ἐπὶ
1809 1800 2003 1845 σταθμοῖσι
2030 1800 2154 1845 μένειν

216 1866 269 1899 ἔτι
298 1867 444 1911 τηλίκος
474 1866 546 1910 εἰμί
570 1864 573 1913 1
602 1862 686 1899 (ὅστ’
715 1866 977 1912 ἐπιτειλαμένῳ
1005 1866 1210 1912 σημάντορι
1238 1866 1361 1901 πάντα
1388 1869 1568 1902 πιθέσθαι.

383 1946 462 1983 Sed
477 1946 681 1994 Odysseae
703 1961 834 1984 versus
849 1961 870 1984 a
889 1948 1050 1986 Lehrsio
1068 1961 1137 1998 pro
1154 1949 1282 1997 spurio
1299 1949 1466 1992 habetur,
1484 1948 1604 1987 Iliadis
1621 1963 1752 1987 versus
1781 1960 1940 1988 mutatur
1961 1951 1997 1987 in
2008 1949 2153 1987 ἀπονέε-

215 2018 334 2064 σθαι7)
365 2016 452 2064 quia
469 2025 544 2052 tam
578 2018 707 2064 paucis
731 2018 910 2066 exemplis
930 2028 968 2055 ut
989 2020 1077 2055 voci
1108 2017 1205 2054 (ὅστε
1234 2018 1329 2054 illam
1358 2020 1427 2055 vim
1457 2021 1631 2056 attribuat
1652 2035 1694 2057 se
1715 2022 1856 2057 moveri
1878 2034 1995 2070 posse
2027 2030 2153 2069 negat.

216 2086 434 2122 Classenius
452 2087 573 2126 verossfx
591 2086 647 2121 his
665 2086 759 2122 locis
775 2088 911 2123 initium
923 2102 1009 2124 usus
1028 2088 1252 2136 posterioris
1270 2088 1372 2124 cerni
1388 2090 1588 2128 contendit,
1607 2090 1820 2138 quodidem
1838 2091 2012 2140 Krueger
2028 2091 2155 2127 statuit

215 2156 251 2191 in
262 2168 419 2203 gramm.
437 2155 475 2195 11,
500 2166 560 2201 55,
580 2167 611 2201 3,
642 2159 674 2191 6.
693 2156 859 2207 Quoquo
882 2158 998 2194 modo
1023 2159 1120 2195 haec
1150 2171 1211 2194 res
1234 2171 1320 2193 sese
1341 2158 1467 2199 habet,
1489 2158 1525 2194 id
1546 2173 1592 2195 ex
1612 2160 1685 2196 hac
1703 2160 1965 2197 controversia
1978 2170 2151 2208 apparet,

197 2225 497 2277 'consecutivam
509 2225 617 2260 vocis
629 2223 724 2261 ὥστε
740 2227 813 2262 vim
826 2236 963 2275 postea
982 2228 1182 2268 exstitisse,
1193 2240 1303 2275 quam
1317 2228 1476 2263 eundem
1492 2242 1596 2264 usum
1614 2229 1819 2277 particulae
1836 2227 1895 2272 (ὸς.
1909 2230 2018 2266 Hunc
2028 2239 2153 2267 autem

217 2309 321 2332 usum
357 2304 397 2331 ut
435 2295 696 2343 intellegamus
732 2305 899 2333 naturam
935 2307 1050 2346 atque
1087 2297 1270 2345 originem
1304 2298 1574 2335 vocabulorum
1611 2300 1644 2335 in
1675 2301 1895 2337 memoriam
1932 2291 2153 2338 revocemus

219 2372 385 2413 oportet.
446 2363 521 2399 Iam
552 2364 612 2412 qui
644 2364 711 2400 arti
741 2367 1022 2416 etymologicae
1045 2379 1143 2415 quae
1173 2374 1336 2402 vocatnr
1366 2379 1522 2414 operam
1553 2378 1691 2406 navant
1719 2371 1783 2406 viri
1812 2369 1913 2407 docti
1943 2370 2154 2407 docuerunt

362 2526 388 2570 ⁷)
437 2528 489 2559 De
514 2528 699 2560 Aristarchi
723 2530 837 2561 studiis
863 2530 1049 2563 Homericis
1074 2542 1104 2573 p.
1136 2530 1205 2562 160.

361 2587 387 2631 ⁸)
436 2590 554 2622 Annal.
583 2589 694 2633 philol.
720 2601 747 2621 a.
780 2593 872 2632 1859.
899 2603 929 2634 p.
957 2600 1029 2633 303.
