2285 2900
1136 134 1181 166 30

325 234 457 282 Itaque
489 234 686 271 infinitivus
716 234 839 271 locum
869 235 987 270 habet
1015 242 1103 283 post
1136 234 1233 269 haec
1266 233 1365 282 apud
1395 233 1624 282 Aeschylum
1653 233 1852 288 vocabula:
1883 235 2086 280 ἐλπίζω

162 303 237 352 Ag.
278 305 387 349 1058.
417 326 468 329 —-
500 306 810 351 ἐπέλπομαι
846 304 921 352 Ag.
964 316 1072 350 1033.
1112 326 1162 330 ——
1202 305 1353 346 ἐλπίς
1386 305 1541 340 ἐστιν
1576 303 1651 353 Ag.
1685 309 1772 352 679.
1793 302 2084 346 -εὐελπίς

161 374 271 419 εἰμι
300 372 356 409 Ρ1.
390 383 477 419 510.
509 395 559 399 -
596 373 922 422 προσδοκάω
958 372 1033 421 Ag.
1077 377 1163 419 675.
1204 394 1253 398 —
1293 374 1532 409 πέποιθα
1565 373 1671 422 Sept.
1707 385 1796 420 445.
1832 396 1884 400 —
1913 371 2084 419 av‘ze'w

163 441 266 477 Pers.
301 434 370 486 ⁷741
407 441 426 476 i.
459 455 492 478 e.
526 456 684 490 sperans
714 444 883 490 eloquor.

322 524 439 571 Quod
475 525 608 562 numini
645 535 684 563 ut
728 526 791 562 fiat
832 524 971 574 placuit
1012 537 1118 568 sors,
1160 525 1273 561 fatum
1314 535 1482 567 vocatur,
1529 538 1645 574 quare
1689 525 1808 562 verba
1860 523 2086 561 voluntativa

164 593 238 630 hae
271 606 425 643 quoque
454 607 572 631 voces
604 603 823 644 sequuntur:
855 609 881 630 π
896 596 913 629 ἐ
927 608 952 629 π
968 609 988 641 Q
1004 608 1035 629 (ι)
1051 609 1071 629 τ
1086 609 1109 629 α
1125 609 1135 629 ι
1166 594 1223 630 Pr.
1257 596 1345 641 815.
1376 618 1426 623 -—
1459 609 1485 630 π
1501 610 1515 630 ε
1532 609 1558 630 π
1574 610 1593 642 ρ
1609 596 1712 641 (1)μέ
1728 609 1746 630 v
1762 610 1782 630 ο
1795 609 1813 630 ν
1843 596 1895 631 ἑσ
1912 608 1932 630 τ
1948 596 1961 629 ί
1976 607 1995 629 ι’
2025 592 2082 629 Pr.

163 675 251 711 753.
290 687 341 691 »-
380 665 487 701 ἔστι
507 680 526 701 1·
559 665 593 701 111
629 666 684 702 Pr.
720 679 753 702 ν.
796 676 867 712 757
905 662 1042 701 eodem
1078 663 1287 713 significatu
1324 664 1538 701 instructum
1573 663 1718 700 videtur
1756 677 1855 708 esse,
1895 675 1968 712 quo
2007 660 2085 699 aliis

159 732 252 769 locis
296 735 494 781 πέπρωται.
532 758 583 761 -
612 739 631 770 λ
647 735 704 781 άχ
720 750 742 781 η
772 736 785 769 ἐ,
802 734 887 781 uoci
906 735 964 769 1'1‘}
982 748 1003 779 η
1033 733 1138 770 Eum.
1173 736 1259 780 348.
1287 757 1336 760 —
1366 749 1390 780 μ
1408 734 1458 782 ὀρ
1476 746 1563 781 σιμ
1581 749 1600 769 ο
1618 748 1636 769 ι’
1665 735 1720 771 Pr.
1755 746 1843 781 933.
1873 757 1923 761 —-
1956 735 1987 769 A
2003 736 2050 769 ίκ
2065 746 2087 768 α

159 805 452 852 ἐπιῤῥέπει
494 803 570 852 Ag.
614 816 699 851 250.
737 827 788 831 -—
821 806 1064 850 γίγνεται
1103 802 1197 840 Cho.
1240 805 1327 850 386.
1369 825 1415 829 -—
1446 802 1541 851 χρή
1575 802 1609 838 111
1644 803 1741 840 Cho.
1777 817 1810 840 v.
1865 815 1936 850 203
1987 801 2086 838 idem

159 872 358 921 significat,
390 873 495 921 quod
525 877 700 920 γίγνει-αις
733 875 763 909 εἰ
791 874 829 908 δὲ
860 872 927 920 χρὴ
961 881 1082 918 τυχεῖν
1111 876 1292 920 σωτηρίας
1319 872 1348 908 51
1369 881 1408 908 ut
1437 871 1638 908 incolumes
1678 873 1792 909 simus
1821 872 2010 920 contingit.
2036 893 2088 899 -—-

159 939 325 989 λαγχά
344 956 410 978 vm
439 941 546 979 Eum.
584 955 672 989 931.
708 963 755 967 -—
776 945 965 989 μίμνει
985 941 1062 989 Ag,
1093 945 1201 989 1563.
1224 964 1273 968 —
1296 942 1568 989 σύγγονον
1590 941 1663 990 Ag.
1688 944 1776 988 885.
1799 965 1849 969 ——
1871 942 2090 988 συγγενές

158 1011 309 1046 ἐστιν
338 1010 412 1060 Ag.
436 1013 524 1058 833.
555 1034 606 1037 —
637 1011 962 1047 ὁιαπάλλειν
992 1011 1095 1059 Sept.
1130 1021 1215 1057 731.
1248 1034 1294 1037 --
1327 1013 1440 1047 ἐστὶ
1470 1015 1845 1058 προκείμενον
1873 1011 1974 1047 Ρο15.
1999 1018 2086 1057 371.

159 1101 216 1115 -,
241 1094 266 1126 μ
283 1095 302 1115 ο
317 1079 369 1127 ῑρ’
400 1083 457 1116 ἐπ
472 1083 490 1116 ἑ
504 1093 525 1115 σ
540 1096 562 1116 κ
577 1097 597 1127 η
615 1093 642 1127 ψ
658 1096 673 1116 ε
691 1096 709 1116 ν
739 1080 840 1117 Ρο15.
880 1085 949 1117 106
984 1080 1087 1128 (Vox
1115 1093 1136 1116 σ
1152 1095 1172 1116 κ
1189 1080 1209 1128 »j
1224 1095 1250 1117 π
1266 1096 1286 1117 τ
1301 1096 1332 1117 ω
1359 1080 1506 1118 omnino
1534 1088 1672 1129 poetae
1702 1088 1833 1116 nostro
1869 1080 1918 1116 ad
1946 1091 2082 1121 casum,

159 1148 347 1185 fortunam
377 1149 648 1197 designandam
678 1149 939 1198 probatissima
970 1158 1029 1185 est
1061 1149 1107 1186 cf.
1136 1150 1237 1187 Pers.
1262 1161 1280 1197 5
1295 1162 1349 1195 14.
1376 1150 1477 1198 740.)
1510 1172 1562 1176 —
1587 1163 1613 1197 μ
1629 1163 1648 1185 ο
1663 1157 1678 1185 ι·
1691 1163 1712 1198 ρ
1726 1163 1749 1185 α
1778 1150 1794 1185 ε’
1809 1163 1836 1185 π
1850 1151 1868 1184 ε’
1882 1163 1902 1184 κ
1917 1153 1937 1184 λ
1953 1162 1984 1184 ω
1999 1160 2020 1184 σ
2032 1162 2049 1184 ε
2066 1162 2085 1183 v

158 1218 263 1255 Eum.
296 1230 384 1265 335.
414 1242 466 1246 ——
496 1219 660 1262 πάλος
688 1219 954 1266 ἐπήδησεν
985 1219 1092 1267 Sept.
1127 1224 1216 1265 460.
1248 1243 1299 1247 —

325 1302 517 1339 Consimili
551 1303 665 1339 modo
703 1304 751 1340 ad
788 1311 933 1352 tempus
971 1303 1129 1340 futurum
1165 1311 1202 1340 et
1235 1317 1280 1339 ea
1325 1316 1422 1351 quae
1456 1302 1617 1351 posthac
1652 1309 1829 1339 eventura
1863 1301 1935 1338 sint
1968 1301 2084 1338 verba

157 1372 412 1421 permittendi,
443 1373 677 1409 concedendi
703 1381 893 1421 spectant:
922 1373 976 1409 ἑά
993 1388 1024 1409 (υ
1055 1373 1101 1409 Pr
1133 1376 1219 1420 384.
1248 1397 1297 1400 -
1330 1375 1525 1420 δίδωμι
1553 1373 1657 1422 Sept.
1690 1385 1776 1418 421.
1806 1395 1856 1400 —
1885 1370 1907 1408 α’
1925 1386 1980 1408 vz-
1997 1385 2007 1407 ι
2024 1371 2084 1407 ‹St-

158 1442 226 1478 ‹50›
241 1456 267 1489 μ
284 1455 295 1477 ι
321 1440 418 1478 Cho.
452 1443 540 1488 498.
572 1465 620 1468 —
651 1442 809 1490 τιμὴν
846 1441 939 1478 ὅσιά
957 1445 1021 1488 {m
1062 1442 1163 1480 Pers.
1199 1447 1283 1490 762.
1323 1464 1371 1468 -—
1410 1457 1425 1478 ε
1442 1444 1454 1477 ἰ’
1471 1457 1490 1490 ρ
1505 1457 1525 1489 γ
1541 1456 1571 1477 (ο
1606 1442 1678 1490 Ag.
1716 1453 1812 1488 1027
1846 1439 1910 1488 (μή
1941 1453 1972 1477 c.
2004 1440 2082 1487 inf.)

158 1524 235 1548 non
267 1511 467 1548 admittere
498 1520 536 1547 ut
565 1525 625 1548 res
655 1512 728 1548 fiat.

323 1595 362 1633 Si
392 1595 473 1644 quis
517 1595 567 1632 ad
608 1608 686 1632 rem
734 1594 1000 1644 perficiendam
1042 1604 1153 1645 aptus
1198 1603 1235 1632 et
1277 1595 1434 1632 idoneus
1479 1594 1610 1631 dicitur
1644 1594 1740 1631 haec
1784 1601 2004 1642 usurpantur
2034 1593 2082 1629 ab

160 1663 360 1713 Aeschylo
398 1664 602 1701 vocabula:
644 1666 664 1699 ὁ
682 1665 766 1700 tiva
781 1680 862 1711 μαι
900 1666 955 1701 Pr.
998 1678 1085 1710 204.
1126 1678 1213 1711 914.
1277 1665 1369 1702 Aliis
1416 1666 1507 1701 10015
1549 1666 1638 1711 ἔχω
1672 1665 1835 1713 positum
1869 1673 1940 1707 est,
1979 1663 2083 1712 quod

158 1733 324 1788 inprimis
354 1742 500 1782 gratum
531 1742 803 1783 acceptumque
834 1735 986 1771 verbum
1023 1735 1206 1783 Aeschyli
1243 1734 1391 1771 videtur
1419 1748 1525 1771 esse:
1565 1735 1622 1772 Pr.
1656 1746 1717 1781 51.
1751 1738 1837 1779 264.
1871 1744 1959 1780 474.
1992 1734 2080 1780 683.

159 1806 238 1841 820
267 1813 335 1841 etc.
366 1803 602 1852 Aliquotiens
631 1805 699 1850 ἔχω
728 1805 880 1853 propria
910 1819 976 1841 sua
1006 1805 1040 1842 vi
1071 1805 1234 1841 habendi
1275 1805 1381 1841 utitur
1411 1814 1448 1841 ut
1487 1805 1520 1842 in
1552 1805 1657 1854 frgm.
1695 1809 1786 1851 196:
1817 1804 1961 1840 ἑλέσθαι
1990 1801 2083 1839 δὀὔ-

156 1872 252 1909 τιν’
282 1875 333 1909 ἐκ
361 1877 517 1921 γαίας
550 1876 709 1910 λίθον
744 1875 898 1919 ἕξεις·
944 1888 1218 1924 saepenumero
1253 1884 1408 1923 utraque
1447 1875 1502 1911 vis
1543 1884 1581 1910 et
1613 1874 1777 1911 habendi
1812 1882 1850 1910 et
1884 1873 2082 1921 potestatis

158 1943 360 1980 coniuncta
376 1951 442 1986 est,
458 1942 562 1980 velut
578 1943 632 1979 Pr.
666 1955 707 1990 51
743 1959 762 1979 κ
779 1959 798 1980 ο
813 1943 835 1979 ’ὑ
852 1946 901 1980 δὲ
922 1959 940 1980 ν
968 1943 991 1980 (ἔ
1009 1959 1028 1980 ν
1044 1959 1065 1981 τ
1082 1959 1097 1980 ε
1115 1959 1125 1979 ι
1141 1958 1167 1980 π
1184 1959 1199 1980 ε
1215 1953 1229 1980 ῐ
1245 1959 1263 1980 ι·
1293 1945 1343 1991 ἕχ
1358 1958 1405 1980 m:
1436 1944 1519 1981 nihil
1549 1945 1676 1981 habeo
1704 1943 1805 1992 quod
1836 1942 1957 1979 dicam
1986 1942 2083 1984 sive:

154 2012 239 2048 nihil
270 2012 397 2049 dicere
428 2026 596 2061 possum,
627 2025 702 2060 quo
734 2026 779 2049 ex
807 2015 892 2049 loco
921 2014 1025 2049 simul
1054 2027 1165 2061 quem
1195 2013 1243 2049 ad
1285 2015 1435 2050 modum
1473 2013 1591 2050 altera
1627 2014 1681 2050 vis
1716 2026 1763 2049 ex
1796 2011 1915 2049 altera
1951 2019 2081 2047 exorta

155 2082 202 2119 sit
240 2081 341 2119 clare
375 2083 495 2120 vides.
531 2107 582 2109 —
622 2083 842 2128 ἔξεστιν
877 2083 934 2120 Pr.
974 2088 1063 2129 649.
1104 2081 1282 2119 Usitatius
1319 2091 1443 2119 autem
1480 2082 1552 2119 hac
1588 2095 1683 2119 voce
1719 2090 1777 2118 est
1812 2080 2081 2129 πάρεστιν

157 2150 248 2201 (Ag.
283 2150 390 2202 368),
421 2164 491 2200 pro
523 2164 598 2199 quo
626 2152 725 2187 haud
757 2164 841 2187 raro
872 2154 990 2188 solum
1015 2152 1196 2187 invenitur
1224 2152 1287 2186 πά
1305 2167 1361 2199 ρα
1394 2151 1695 2200 (1)1.54.)5011101
1725 2153 1804 2187 ἔνι
1841 2151 1898 2187 Pr.
1916 2163 2002 2196 294.
2028 2173 2078 2177 ——

152 2223 198 2258 ἔσ
220 2236 268 2257 τι
286 2236 306 2258 ν
336 2221 410 2270 Ag.
444 2232 530 2268 325,
560 2222 661 2269 quod
692 2235 955 2271 nonnunquam
985 2219 1235 2271 personaliter
1263 2220 1467 2263 adhibetur,
1497 2221 1547 2258 uti
1577 2221 1679 2258 Pers.
1714 2233 1801 2267 419.
1834 2220 2078 2255 θάλασσα

152 2278 300 2328 δὀὐκέί
344 2287 390 2338 ἧι·
426 2291 524 2326 mem
591 2290 705 2339 Apud
739 2291 943 2328 Homerum
984 2292 1134 2340 quidem
1175 2291 1276 2326 verbi
1322 2291 1411 2326 εἶναι
1449 2305 1552 2327 11511111
1594 2291 1708 2327 11111110
1741 2290 1847 2327 latius
1885 2297 2077 2338 patentem

150 2360 365 2402 invenimus,
396 2360 537 2409 quippe
577 2361 678 2408 quod
717 2360 827 2408 plane
865 2362 1023 2398 easdem
1058 2371 1188 2409 partes
1225 2361 1442 2409 susceperit,
1480 2374 1572 2409 quas
1608 2361 1726 2397 verba
1760 2361 1861 2406 ἔχειν,
1899 2359 2077 2396 δύνασθαι

150 2439 282 2467 tenent
331 2430 375 2466 cf.
414 2430 448 2465 Il.
493 2430 516 2471 J,
550 2431 643 2466 688:
689 2432 753 2466 εἰσὶ
790 2434 844 2466 καὶ
882 2433 955 2467 οἵδε
990 2430 1069 2467 τάδ’
1107 2430 1261 2477 εἰπέμεν.
1325 2430 1484 2466 Secutus
1522 2430 1717 2479 Euripides
1762 2438 1822 2466 est
1860 2429 2075 2465 Homerum.

149 2500 368 2549 Aeschylus
395 2512 488 2536 vero
517 2498 601 2536 nihil
631 2499 839 2536 huiusmodi
879 2501 1025 2538 dicendi
1053 2500 1205 2550 generis
1233 2500 1266 2535 in
1296 2512 1502 2535 sermonem
1534 2513 1636 2536 suum
1667 2498 1859 2536 transtulit.
1896 2522 1946 2525 μ
1985 2497 2074 2533 013-

151 2572 240 2607 ιῖέν
269 2569 367 2606 ἐστ’
397 2570 496 2614 ἔξω
531 2568 622 2617 1590'
636 2584 660 2617 μ
678 2585 697 2605 o
716 2584 734 2605 1·
770 2570 790 2607 1.
828 2584 861 2607 0.
900 2572 1050 2616 ἔξεστιν.
1086 2571 1183 2607 Cho.
1222 2581 1310 2616 514.
1347 2568 1571 2607 scholiastes
1607 2570 1658 2606 ita
1691 2568 1900 2618 explanavit
1935 2570 2072 2606 locum:

151 2640 223 2686 ἔξω
250 2643 316 2676 τοῦ
342 2639 594 2688 προκειμένου.
652 2639 829 2677 Pindarus
866 2640 1081 2678 simillimam
1120 2638 1399 2677 translationem
1435 2640 1627 2689 usurpavit
1663 2639 1768 2688 Pyth.
1806 2638 1866 2681 XI,
1906 2652 1968 2686 39:
2002 2639 2073 2685 ἔξω
