2285 2900
1097 187 1142 217 44

163 289 408 337 facillimeque
439 288 534 325 illam
565 289 811 326 differentiam
841 289 1091 336 perspicimus,
1121 288 1223 336 quod
1253 296 1328 324 tum
1358 296 1462 325 certo
1493 287 1658 336 quodam
1699 285 1852 324 consilio
1880 287 1974 323 alter
2001 294 2086 323 uter

162 359 349 396 adhibitus
379 366 446 402 est,
480 370 564 395 cum
594 359 677 395 alibi
713 370 831 406 saepe
875 357 1083 406 promiscue
1120 366 1315 405 utrumque
1359 357 1447 405 poni
1478 356 1682 393 Kuehnero
1718 356 1795 393 aliis
1833 355 2085 404 grammaticis

167 428 313 465 conced
320 428 455 464 endum
486 428 543 464 sit.

326 525 415 562 Eius
447 521 556 573 igitur
586 525 802 562 discriminis
831 534 890 561 est
919 526 979 560 vel
1015 525 1175 561 maxime
1216 526 1360 573 insigne
1400 525 1473 560 hoc
1512 522 1738 572 exemplum:
1766 524 1822 560 Pr.
1863 534 1938 570 750
1966 530 2083 570 κρεῖσ-

161 607 227 630 σον
256 595 324 643 γὰρ
354 597 404 637 εἰς
433 592 530 640 ἅπαξ
562 597 687 631 θανεῖν
717 593 738 641 ἢ
768 595 832 636 τὰς
866 592 1007 636 ἁπάσας
1042 593 1175 642 ἡμέρας
1209 590 1360 641 πάσχειν
1396 597 1525 636 κακῶς,
1568 592 1629 629 ubi
1667 592 1866 629 diversitas
1901 591 2083 641 appositis

158 665 283 701 verbis
311 662 407 710 ἅπαξ
437 673 476 701 et
502 662 645 708 ἁπάσας
676 663 808 713 ἡμέρας
837 663 936 700 clare
966 662 1095 706 elucet,
1118 672 1156 700 ut
1176 677 1298 712 paene
1328 662 1601 712 paradigmatis
1631 662 1746 698 instar
1774 662 1830 698 hic
1857 660 1962 698 locus
1993 672 2079 698 esse

161 735 271 770 nobis
300 735 433 782 possit.
468 735 530 782 (cf.
563 735 685 782 Eurip.
719 735 832 782 Iphig.
861 733 944 770 Aul.
983 739 1074 769 1261
1116 738 1236 776 κακῶς
1266 737 1333 780 ζῆν
1359 742 1524 781 κρεῖσσον
1553 731 1574 779 η’
1603 734 1729 768 θανεῖν
1764 735 1909 775 nal-(113⁸.
1950 722 2078 768 Paullo

160 803 380 839 obscuriora
407 803 506 839 haec
536 802 706 851 exempla
735 811 834 838 sunt:
866 803 965 837 Pers.
1009 805 1086 848 690
1124 804 1154 838 οἱ
1192 802 1282 837 κατὰ
1314 802 1447 847 χθονὸς
1477 803 1553 836 θεοὶ
1592 803 1714 844 λαβεῖν
1742 793 1914 847 άμείινὸυς
1941 802 2031 837 εἰσὶν
2059 800 2084 847 ἢ

161 873 336 918 μεθιέναι,
366 872 426 907 ubi
458 880 495 908 et
522 884 616 907 voce
647 875 769 915 λαβεῖν
800 879 836 906 et
865 884 956 906 voce
985 873 1152 916 Ιιιεθιέιτιι
1183 872 1229 906 de
1267 869 1499 906 infernalium
1536 870 1693 905 deorum
1720 875 1833 905 more'
1853 877 1891 905 et
1917 870 2082 906 instituto

161 940 341 977 certiores
372 953 442 976 nos
470 949 587 989 poeta
617 940 711 976 facit.
769 939 989 975 Accuratius
1019 953 1108 976 vero
1137 953 1213 976 rem
1240 939 1389 975 intuenti
1418 938 1580 975 elucebit
1600 938 1665 974 tibi
1692 946 1869 986 punctum
1902 931 2079 987 temporis

161 1010 525 1058 comprehendendis
561 1009 768 1045 hominibus
807 1009 982 1050 consumi,
1022 1008 1125 1045 simul
1170 1022 1214 1045 ac
1252 1008 1383 1045 mortui
1424 1008 1509 1047 sint.
1554 1016 1746 1044 aeternam
1789 1007 1824 1043 in
1863 1007 2078 1057 regionibus

161 1079 290 1116 inferis
320 1079 551 1116 mansionem
576 1079 763 1115 imminere
791 1078 1009 1115 hominibus.
1069 1078 1195 1127 Suppl.
1226 1090 1315 1124 450.
1338 1080 1392 1113 det*
1418 1078 1534 1125 κάρτα
1555 1076 1660 1113 θύειν
1689 1080 1746 1112 καὶ
1774 1085 1901 1114 πεσεῖν
1926 1073 2079 1126 χρηστή-

162 1163 222 1196 ρια
253 1150 369 1185 θεοῖσι
397 1153 542 1191 πολλοῖς
570 1148 693 1184 πολλά.
742 1148 892 1197 Nempe
914 1148 1038 1185 verbis
1062 1147 1178 1197 κάρτα
1207 1144 1311 1185 θιῗιιν
1336 1149 1571 1185 consuetudo
1606 1161 1718 1197 quam
1745 1149 1933 1185 asciscere
1980 1160 2078 1196 opus

161 1217 208 1254 sit
238 1218 475 1267 significatur,
506 1217 620 1254 altera
650 1218 825 1254 enuntiati
854 1227 962 1266 parte
992 1217 1136 1267 singula
1166 1218 1345 1254 sacrificia
1376 1227 1726 1254 cnmmemorantur.

327 1301 421 1338 Cho.
459 1314 476 1348 5
517 1301 687 1349 κηρύσσω
722 1305 828 1349 πατρὶ
864 1299 1001 1341 κλύειν,
1041 1301 1207 1343 (ἑκοῦσαι,
1247 1303 1307 1338 ubi
1339 1301 1560 1338 vocabulum
1592 1303 1718 1347 κλύειν
1751 1302 1973 1338 vertendum
2001 1309 2078 1337 est:

162 1371 305 1414 audire,
335 1371 628 1407 aufmerksamer
659 1371 780 1407 Horer
807 1384 849 1406 zu
879 1371 968 1414 sein,
1001 1370 1153 1406 (ἑκοῦσαι
1187 1371 1237 1407 ita
1265 1371 1581 1419 interpretandum
1610 1379 1682 1407 est:
1716 1370 1842 1407 auditu
1869 1369 2080 1418 percipere,

163 1442 224 1478 die
253 1441 500 1489 vorliegende
529 1440 649 1476 Sache
677 1453 718 1475 zu
746 1439 982 1475 vernehmen.
1015 1462 1065 1465 ——
1106 1440 1210 1476 Eum.
1244 1452 1330 1486 430.
1357 1440 1481 1475 κλύειν
1516 1442 1651 1483 δίκαιος
1670 1444 1810 1487 μᾶλλον
1827 1438 1849 1486 ἢ
1874 1442 2010 1487 πρᾶξαι
2025 1440 2081 1474 θέ-

161 1514 245 1552 λεις,
274 1510 335 1546 ubi
363 1508 588 1558 singularem
618 1509 805 1545 actionem
834 1508 954 1544 famae
986 1509 1183 1545 continuae
1212 1510 1432 1545 contrariam
1467 1523 1553 1545 esse
1583 1508 1691 1545 facile
1721 1509 1785 1545 tibi
1814 1507 2081 1556 persuadebis:

161 1580 259 1615 bene
289 1578 415 1615 audire
445 1591 554 1626 quarn
586 1577 689 1626 (data
723 1577 940 1625 occasione)
974 1578 1070 1614 bene
1100 1591 1216 1627 agere
1249 1579 1372 1615 mavis.

326 1662 430 1698 Eum.
464 1663 550 1708 708.
580 1661 784 1710 ὀρθοῦσθαι
814 1664 849 1697 dil
877 1662 944 1709 χρὴ
973 1665 1027 1697 καὶ
1063 1665 1186 1708 ψῆφον
1213 1664 1327 1709 αἴρειν
1347 1665 1403 1697 καὶ.
1437 1664 1625 1708 ιδιιιγνῦιάι
1655 1664 1766 1709 δίκην,
1797 1674 1951 1709 surgere
1982 1673 2078 1709 Opus

164 1741 234 1777 est,
265 1731 443 1769 calculum
473 1731 614 1774 tollere,
646 1744 797 1767 causam
826 1731 1038 1768 diiudicare.
1097 1732 1260 1767 Priorum
1293 1744 1446 1780 quoque
1484 1732 1641 1768 duorum
1671 1732 1870 1768 verborum
1898 1730 2077 1768 aoristum

162 1810 315 1851 putares
345 1801 465 1842 locum
494 1802 551 1838 hic
579 1802 731 1838 habere.
791 1802 924 1850 Neque
956 1801 1053 1838 enim
1082 1802 1198 1838 minus
1235 1802 1400 1838 actiones
1431 1812 1717 1839 momentaneae
1746 1811 1829 1838 sunt
1858 1800 2078 1850 quam'dca-

164 1875 304 1918 γνῶναι
332 1872 434 1917 δίκην
463 1871 695 1919 maximeque
725 1874 839 1919 αἴρειν
868 1872 970 1907 unius
1004 1872 1185 1907 momenti
1224 1872 1368 1907 videtur
1400 1885 1498 1908 esse.
1557 1872 1736 1908 Attamen
1766 1885 1812 1908 ne
1842 1872 1899 1908 hic
1929 1871 2078 1919 quidem

161 1939 310 1976 diversa
339 1949 512 1988 tempora
540 1949 681 1976 temere
706 1940 872 1976 adhibita
902 1948 994 1976 sunt.
1054 1941 1258 1976 Praesente
1295 1941 1389 1976 enim
1427 1942 1635 1977 enuntiatur
1664 1941 1772 1977 tarde
1804 1940 2078 1989 diligenterque

167 2010 291 2045 omnia
321 2022 448 2045 secum
478 2018 698 2058 reputantes
726 2010 869 2045 iudices
898 2024 1007 2046 unum
1038 2024 1083 2046 ex
1113 2011 1230 2046 altero
1252 2010 1300 2046 de
1322 2010 1502 2047 subselliis
1531 2024 1695 2059 surgere,
1726 2010 1861 2047 deinde
1883 2009 1932 2046 ad
1952 2023 2080 2047 urnam

163 2079 351 2114 accedere
379 2087 418 2114 et
451 2087 560 2114 caute
595 2086 809 2114 cunctantes
845 2080 961 2115 modo
1000 2080 1098 2115 hunc
1134 2079 1251 2114 modo
1286 2078 1381 2115 illum
1420 2079 1602 2116 calculum
1641 2080 1810 2115 manibus
1844 2075 2080 2127 prehendere

164 2146 260 2183 velle
293 2155 331 2183 et
357 2156 446 2195 post
471 2147 696 2195 aliquantum
725 2149 872 2185 demum
907 2149 1090 2197 temporis
1134 2157 1274 2184 certam
1309 2149 1493 2196 quandam
1529 2149 1750 2186 sententiam
1786 2147 1983 2197 amplexos
2010 2149 2081 2186 iam

161 2229 234 2253 uno
264 2217 370 2266 quasi
398 2216 471 2252 ictu
497 2217 635 2253 nodum
665 2216 812 2253 solvere
844 2230 1077 2267 causamque
1110 2218 1332 2254 discernere.

325 2301 428 2337 Eum.
461 2313 547 2347 714.
573 2303 757 2348 χρησμοὺς
785 2304 871 2345 τοὺς
901 2304 1009 2350 ἐμοί’,-
1029 2327 1077 2330 -—
1099 2306 1243 2350 ι-(ιρβὲῖιγ
1272 2304 1408 2339 κελεύω
1435 2303 1517 2351 ‘mlh'
1544 2303 1787 2352 ἀκαρπώτους
1826 2308 1944 2341 κτίσαι
1980 2304 2086 2343 iussa

163 2383 247 2407 mea
308 2370 470 2406 revereri
527 2370 637 2407 iubeo
703 2384 796 2408 neve
851 2372 971 2409 inania
1030 2373 1201 2409 reddere.
1287 2374 1339 2409 lta
1391 2373 1496 2410 nobis
1553 2374 1783 2410 vertentibus
1846 2366 2084 2423 nequaquam

159 2438 196 2474 in
244 2448 404 2475 mentem
477 2440 576 2476 venit
641 2441 736 2476 inter
810 2444 1035 2489 pronuntiati
1101 2451 1231 2490 partes
1284 2443 1479 2479 discrimen
1529 2452 1716 2488 statuere,
1787 2444 1965 2492 quoniam
2036 2444 2085 2480 ad

167 2517 311 2546 certam
389 2521 540 2546 causam
613 2509 855 2547 dirimendam
923 2511 1066 2561 Apollo
1136 2510 1313 2547 iudicibus
1374 2525 1471 2560 quae
1529 2511 1588 2548 lex
1649 2512 1846 2562 sequenda
1908 2513 1955 2549 sit
2019 2512 2087 2550 illis

161 2578 286 2614 verbis
341 2579 535 2627 praecipit.
626 2579 765 2616 Aoristi
827 2581 936 2628 igitur
998 2583 1092 2618 duos
1149 2581 1342 2618 infinitivos
1405 2591 1681 2631 exspectamus.
1753 2583 1831 2619 Sed
1895 2582 1955 2631 qui
2012 2583 2084 2620 ani-

161 2660 304 2684 morum
345 2647 494 2685 habitus
542 2661 612 2697 per
657 2658 773 2686 totum
818 2651 935 2687 iudicii
980 2660 1127 2700 tempus
1174 2664 1262 2687 esse
1312 2651 1451 2689 debeat
1497 2661 1700 2701 praesente
1743 2661 1860 2701 poeta
1900 2651 2087 2689 describit>
2124 2688 2127 2692 s
