2285 2900
661 0 849 64 Ἴ

1097 152 1140 182 24

301 262 358 285 στ
375 264 389 285 ε
410 254 508 296 ῡμα
527 265 547 293 ι,
576 251 679 299 quod
709 251 860 298 propria
891 251 1122 286 consistendi
1151 251 1183 284 vi
1213 250 1364 285 abiecta
1393 249 1465 284 iam
1495 248 1650 284 Homeri
1681 247 1913 296 temporibus
1942 246 1977 282 in
2005 246 2077 282 vim

137 313 432 367 metaphoricam
458 319 652 356 minitandi
680 320 776 356 abiit.
823 320 902 357 Sed
925 334 971 356 ne
998 320 1097 368 apud
1117 319 1324 356 Homerum
1341 317 1491 366 quidem
1513 317 1689 366 frequens
1707 325 1767 354 est
1785 326 1823 353 et
1851 315 1905 353 his
1933 324 2076 352 tantum

141 387 270 422 formis
299 387 431 433 utitur:
463 392 612 423 στεῦται
643 398 682 424 et
712 392 852 424 στεῐτο.
911 388 1026 436 Apud
1056 388 1222 437 tragicos
1257 399 1349 423 vero
1381 398 1561 435 nusquam
1595 385 1781 433 reperitur
1809 386 1876 421 nisi
1903 385 1975 420 hoc
2005 397 2079 420 uno

134 456 217 490 loco
247 456 446 502 Aeschyli:
481 457 581 492 Pers.
627 471 677 502 49
707 463 875 493 στεῦται
909 481 955 485 »--
988 458 1099 503 ζυγὸν
1124 457 1343 503 ἀμφιβαλεῖν
1371 456 1518 492 δούλιον
1541 453 1682 491 Ἑλλάδι

215 555 252 590 (Γ
300 554 538 592 Ceterae
594 556 867 592 infinitivi
919 556 1116 592 variae
1161 569 1218 591 ac
1263 553 1618 602 multiplices
1663 561 1998 589 structurae

390 624 668 672 quomodo
714 625 921 661 sensim
967 633 1019 660 et
1062 624 1349 671 gradatim
1393 631 1631 659 exortae
1674 621 1796 657 sint.

301 709 361 744 Ab
391 710 432 744 iis
467 710 588 755 igitur,
620 723 718 756 quae
749 720 833 745 sunt
863 710 982 745 adhuc
1016 724 1036 744 a
1068 710 1176 745 nobis
1207 718 1392 744 tractatae
1415 707 1579 744 infinitivi
1601 705 1933 754 significationibus
1954 714 2080 742 cetera

136 790 298 826 quoque,
343 778 376 813 in
421 777 554 826 quibus
588 777 783 814 infinitivus
821 778 854 813 in
891 791 995 813 usum
1034 786 1190 813 vocatur
1228 776 1378 812 dicendi
1414 789 1558 826 genera
1595 776 1770 824 profecta
1806 782 1899 811 sunt.
1969 774 2079 821 Quae

138 860 252 893 quem
289 848 337 881 acl
373 847 524 881 modum
560 848 749 893 paullatim
787 856 874 882 nata
912 861 999 882 esse
1037 848 1146 882 nobis
1184 847 1379 881 videantur
1411 847 1488 892 jam
1527 859 1768 892 exponemus.
1827 844 1887 879 Ac
1921 844 2078 890 primum

137 915 289 964 quidem
327 916 569 952 consecutiva
604 916 656 951 vis
693 916 892 952 manifesta
929 925 967 952 et
1004 925 1137 963 aperta
1173 924 1231 951 est
1268 914 1302 950 in
1341 914 1382 950 iis
1418 914 1599 950 infinitivis
1636 914 1697 962 qui
1729 919 1950 961 usurpantur
1991 920 2080 961 post

138 986 257 1019 verba
287 998 383 1033 quae
416 985 639 1032 significant:
670 986 886 1021 facultatem
916 985 1020 1020 alicui
1051 986 1190 1025 facere,
1221 984 1400 1030 perficere
1431 993 1469 1018 ut
1498 983 1635 1031 aliquid
1665 983 1744 1019 fiat.

303 1071 495 1116 τίθημι
526 1070 631 1118 quasi
662 1070 695 1105 in
726 1084 772 1106 ea
802 1070 1018 1106 conditione
1049 1069 1208 1117 aliquem
1239 1068 1439 1107 collocare.
1469 1077 1507 1103 ut
1537 1069 1608 1104 hoc
1635 1066 1721 1104 illud
1743 1067 1915 1103 accidere
1946 1067 2076 1115 possit.

302 1138 374 1188 Ag.
414 1149 510 1186 1037
543 1138 681 1186 σ’ἔθηκε
702 1140 791 1182 Ζεὺς
820 1139 1007 1187 αἰιιηνίτως
1027 1139 1151 1186 δομοις
1179 1138 1359 1173 κοιιίονὸν
1381 1138 1470 1174 εἶναι
1489 1140 1669 1186 χερνίβων
1690 1160 1740 1163 -
1757 1137 1844 1173 ibid.
1870 1147 1952 1182 177.
1981 1140 2079 1183 1176

300 1208 322 1243 ri
342 1223 360 1243 ν
380 1209 447 1243 1³0)
477 1209 576 1244 Pers.
611 1219 696 1253 721.
730 1232 779 1235 —
811 1211 868 1244 ἐπ
886 1224 895 1243 ι
912 1224 932 1244 κ
949 1224 968 1255 ρ
983 1224 1006 1244 α
1023 1213 1035 1244 ι’
1053 1223 1071 1244 ν
1088 1224 1118 1244 (υ
1149 1207 1280 1256 Suppl.
1319 1219 1374 1254 15.
1408 1231 1454 1234 -—
1485 1223 1511 1243 π
1527 1223 1543 1243 ε
1561 1223 1580 1255 ρ
1596 1223 1619 1243 α
1636 1212 1648 1243 ί
1664 1223 1683 1243 ν
1700 1223 1731 1244 (ο
1761 1206 1892 1256 Suppl.
1924 1210 2075 1253 463.—-

135 1278 226 1322 ἐξα
243 1291 263 1324 ρ
280 1291 300 1312 τ
318 1276 338 1312 ιῗ·
355 1291 386 1312 (υ
426 1277 481 1313 Pr.
514 1279 590 1322 908
623 1276 758 1328 (γάμον
796 1285 925 1324 γαμεῖν
958 1276 1198 1327 ἐξαρτιῗεται).
1234 1299 1285 1303 —
1320 1291 1347 1322 φ
1365 1279 1416 1324 ἐρ
1433 1291 1463 1312 ω
1492 1276 1597 1312 Eum.
1631 1278 1719 1323 831.
1750 1276 1890 1324 καρπὸν
1919 1278 2080 1323 φέροντα

133 1347 255 1381 ,πάντα
294 1347 343 1392 μὴ
378 1347 556 1392 πράσσειν
594 1351 722 1388 καλῶς,
782 1347 928 1382 Eadem
962 1348 1016 1382 vis
1057 1360 1153 1394 quae
1193 1348 1226 1382 in
1262 1349 1385 1392 τίθημι
1423 1347 1483 1393 (cf.
1515 1349 1641 1393 supra)
1675 1348 1775 1394 apud
1807 1347 2015 1382 Homerum
2045 1346 2079 1381 in

133 1428 228 1451 voce
257 1429 379 1451 ποιε
398 1423 446 1451 ῖν
474 1415 583 1456 inest,
616 1414 718 1464 quod
750 1415 922 1451 fortassis
951 1415 983 1451 in
1021 1415 1124 1464 frgm.
1163 1417 1212 1460 96
1243 1414 1432 1453 invenitur.
1467 1414 1527 1450 ubi
1565 1427 1611 1451 ex
1642 1413 1734 1451 Plut.
1766 1413 1968 1465 Moral..p.
2000 1417 2075 1461 632

132 1484 231 1519 haec
263 1493 414 1520 exstant
442 1485 575 1520 verba:
626 1487 656 1520 εἴ
685 1499 740 1527 τις
781 1484 1028 1531 ἀντιστρέψας
1072 1487 1223 1531 αἰτιῷτο
1260 1485 1346 1526 τον,-
1376 1484 1555 1529 ,ιίίσχύλου
1586 1488 1786 1531 Καβείροις1
1814 1484 1923 1529 ὄξους
1952 1488 2079 1520 σπανί-

136 1555 214 1598 ζειν
257 1554 362 1599 ιδ’(ῦμα
403 1553 639 1599 ποιήσαντας,
683 1551 807 1599 ὥσπερ
851 1552 956 1588 αὐτοὶ,
996 1556 1192 1599 παίζοντες
1235 1552 1442 1600 ἠπείλησαν.
1502 1553 1646 1589 Tamen
1691 1567 1738 1589 ex
1780 1553 1849 1589 hoc
1891 1554 1978 1588 loco
2006 1565 2078 1588 non

134 1630 297 1670 apparet
326 1623 514 1657 eademne
544 1623 662 1658 verba
692 1623 739 1657 ab
772 1621 970 1669 Aeschylo
1000 1633 1178 1671 usurpata
1208 1623 1288 1658 sint.

299 1705 361 1741 Illa
390 1707 612 1755 perficiendi
643 1707 700 1742 vis
731 1707 941 1743 accuratius
971 1707 1004 1742 in
1034 1706 1159 1743 verbis
1190 1706 1353 1742 docendi
1384 1715 1422 1742 et
1451 1707 1618 1742 discendi
1649 1707 1850 1743 definitur:

299 1776 319 1807 ὁ
336 1789 347 1809 ι
364 1776 384 1807 15
398 1775 420 1810 α’
438 1788 458 1810 σ
475 1790 495 1810 κ
512 1790 544 1810 ιο
573 1775 626 1810 Pr.
665 1788 718 1811 10.
750 1799 800 1802 —
831 1775 850 1810 ο
867 1791 887 1823 ρ
904 1778 928 1811 9
944 1792 963 1811 ο
979 1778 998 1809 ὁ
1014 1790 1036 1810 α
1053 1776 1075 1822 η’
1092 1790 1109 1817 g
1139 1775 1214 1823 Ag.
1242 1787 1337 1821 1023
1357 1774 1453 1825 (τῶν
1474 1778 1668 1822 φθιμένων
1696 1776 1847 1823 ἀνάγειν
1876 1776 1941 1811 τὸν
1968 1775 2076 1824 ὀρθο-

135 1847 203 1890 δαῆ
234 1845 324 1886 Ζεὺς
354 1867 402 1870 -—
436 1847 622 1892 ἒπανσιν).
683 1847 816 1894 Neque
846 1859 937 1881 vero
974 1847 1205 1894 quorundam
1238 1847 1399 1881 virorum
1436 1846 1631 1881 doctorum
1670 1846 1893 1882 sententiam
1927 1846 2089 1882 silentio*

133 1913 340 1960 praeterire
386 1927 595 1962 possumus,
635 1915 693 1963 qui
724 1915 945 1951 infinitivum
988 1927 1070 1950 cum
1116 1916 1273 1950 ἔπαυσεν
1318 1914 1618 1962 coniungendum
1649 1929 1737 1952 esse
1769 1923 1938 1952 censent.
1981 1915 2076 1952 Turn

134 1981 317 2029 ὀρθοόαής
346 1982 529 2022 absolute.
561 1992 600 2020 ut
628 1984 955 2032 grammaticorum
986 1985 1104 2020 verbo
1141 1992 1235 2026 utar,
1265 1984 1427 2032 positum
1464 1992 1579 2020 esset.
1639 1984 1748 2030 Quae
1779 1992 1962 2020 structura
1990 1978 2076 2034 quia

136 2050 360 2087 insolentior
388 2052 558 2088 videatur
589 2066 701 2100 quarn
730 2067 827 2101 quae
857 2054 1007 2101 probari
1038 2053 1160 2101 possit
1193 2053 1320 2100 Enger
1354 2052 1526 2099 Ὀρθοὸἀῆ
1555 2054 1793 2089 scribendum
1832 2067 1918 2090 esse
1948 2054 2074 2102 opina—

136 2129 202 2159 tur.
242 2133 317 2168 quo
351 2133 495 2157 sacrum
533 2134 671 2157 nomen
707 2121 911 2171 Aesculapi
950 2122 1178 2169 designetur.
1224 2144 1274 2148 ——
1303 2122 1566 2168 μανθάνω
1602 2122 1656 2157 Pr.
1702 2124 1812 2158 1068.
1846 2123 1947 2159 Pers.
1990 2124 2074 2159 108.

137 2189 240 2226 Eum.
259 2190 320 2226 86.
341 2202 427 2236 301.
445 2213 497 2217 —
514 2206 534 2237 γ
551 2206 562 2226 ι
577 2206 598 2237 γ
616 2206 634 2226 ν
651 2191 682 2226 οἱ
698 2204 718 2226 σ
734 2206 755 2226 κ
771 2206 803 2226 (ο
819 2191 925 2240 Sept.
950 2194 1025 2237 652
1057 2190 1287 2239 significan&
1320 2191 1422 2239 quod
1449 2183 1641 2237 ftavssoivm.
1662 2213 1704 2216 —
1724 2189 1743 2226 ὃ
1760 2193 1781 2224 15
1795 2190 1815 2227 ο’
1831 2207 1862 2227 (ο
1892 2191 1964 2239 Ag.
2004 2195 2075 2237 176

138 2260 205 2295 τὸν
242 2268 392 2307 φρονεῖν
422 2261 577 2307 βροτοὺς
607 2259 800 2298 ὁδοίσαντα
830 2262 851 2298 i.
891 2275 924 2298 e.
956 2262 1015 2310 qui
1044 2261 1142 2296 viam
1176 2260 1317 2308 praeiit.
1351 2262 1524 2309 exemplo
1555 2260 1682 2297 docuit
1711 2261 1756 2298 cf.
1787 2260 1951 2311 reliquos
1980 2262 2075 2298 duos

137 2328 316 2376 Aeschyli
352 2329 467 2369 locos.
497 2331 531 2367 in
553 2332 685 2380 quibus
713 2332 810 2368 haec
838 2345 910 2368 vox
937 2332 1118 2368 invenitur
1148 2330 1204 2367 Pr.
1237 2332 1326 2376 498.
1361 2332 1447 2377 813.
1479 2354 1529 2357 —

299 2413 337 2450 Si
367 2415 448 2463 quis
477 2416 601 2451 verbis
631 2415 791 2465 aliquem
820 2414 967 2451 allicere
1008 2428 1050 2451 ac
1081 2428 1231 2451 movere
1270 2417 1406 2455 studet,
1441 2426 1479 2452 ut
1516 2415 1652 2465 aliquid
1689 2416 1809 2457 faciat,
1838 2418 1892 2453 vis
1922 2431 2072 2465 persua-

140 2488 254 2525 dendi
298 2496 337 2523 et
378 2485 553 2522 hortandi
584 2486 718 2521 oritur:
762 2487 943 2520 πείθω.
975 2484 1077 2519 Eum.
1110 2486 1170 2529 84.
1220 2496 1306 2529 724.
1358 2508 1392 2511 ω
1441 2488 1607 2521 αἰνέω
1650 2486 1757 2534 Sept.
1811 2490 1899 2533 596.
1944 2486 2072 2537 Suppl.

144 2568 254 2604 1072.
284 2579 336 2584 —
365 2557 604 2592 ἐπαινέω
633 2555 761 2603 Suppl.
801 2557 889 2599 996.
926 2554 1017 2590 Cho.
1060 2555 1148 2600 582.
1184 2577 1232 2580 -
1270 2557 1326 2597 βο
1346 2559 1432 2590 υλε
1452 2554 1519 2590 ‚zm
1554 2556 1610 2591 Pr.
1644 2568 1730 2602 204.
1761 2555 1869 2592 Eum.
1904 2566 1990 2601 700.
2020 2580 2070 2583 —

136 2626 450 2674 ξύμβουλός
480 2626 591 2670 εἰμι
619 2624 723 2659 Eum.
758 2634 842 2668 712.
874 2646 921 2649 ψ
951 2625 1229 2669 μυθέομαι
1259 2623 1315 2659 Pr.
1349 2627 1435 2669 665.
1460 2646 1507 2649 ———
1539 2626 1719 2661 εἰπεῖν
1747 2624 1876 2673 Suppl.
1910 2638 1996 2672 341.
