2285 2900
1095 121 1131 152 13

150 222 284 270 quibus
311 222 435 258 verbis
465 221 712 257 Prometheus
747 222 824 257 Ioni
877 235 953 270 quo
989 222 1188 269 dirigenda
1219 222 1278 256 via
1314 222 1360 256 sit
1393 222 1568 257 ostendit.
1627 222 1888 258 Commutatus
1917 231 1976 258 est
2004 222 2077 257 hoc

149 290 236 330 loeo
264 292 458 330 infinitivus
487 304 571 328 curn
599 291 839 341 imperativo:
870 294 979 340 θυμῷ
1017 290 1106 336 βάλε
1133 299 1173 329 et
1192 290 1424 328 coniunctivo
1454 290 1581 327 aoristi
1603 289 1781 339 particula
1808 291 1858 339 μή
1887 290 2071 327 adiuncta:

149 373 180 396 v.
213 362 288 406 7'18
316 361 367 408 μὴ
395 361 566 409 περάσῃς.

311 430 416 478 Sept.
450 439 513 477 75:
548 431 655 467 πόλιν
685 433 826 477 ζυγοῖσι
862 432 1037 467 δουλίοισι
1074 429 1215 477 μήποτε
1250 430 1411 476 σχεθεῖν,
1439 429 1500 465 ubi
1532 429 1665 465 iterum
1704 429 1800 466 haec
1845 429 2076 466 constructio

148 511 229 536 cum
259 498 480 548 imperativo
508 508 769 538 commutatur:
802 501 952 548 γενέσθε
979 506 1018 536 et
1044 498 1173 535 aoristi
1204 498 1456 535 coniunctivo:
1485 498 1535 545 μὴ
1566 500 1814 545 ἐκθαμνίσητε.

308 584 405 622 ChO.
457 596 553 632 307:
597 584 700 633 Ἀλλ’,
744 581 775 621 ὦ
824 584 976 633 μεγάλαι
1027 586 1170 632 Μοῖραι,
1202 582 1366 635 ΔιόθενΙ
1403 584 1489 629 τῇδε
1524 586 1710 625 τελευτᾶν,
1743 582 1746 633 l
1783 579 1802 629 ᾗ
1851 584 1893 620 τὸ
1938 586 2077 620 δίκαιον

144 658 364 701 μεταβαίνει.
397 655 554 692 »iustum
583 656 672 693 date
700 664 915 693 eventum«.

305 725 406 761 Eum.
443 727 534 770 619:
586 726 628 761 τὸ
670 728 737 772 μὲν
778 726 918 761 δίκαιον
961 722 1062 760 τοῦθ’
1103 721 1189 760 ὅσον
1230 725 1353 760 σθένει.
1393 725 1536 770 μαθεῖν,
1561 724 1566 773 1
1592 726 1706 769 βουλῇ
1733 724 1930 769 πιφαύσκω
1955 723 2071 771 ὃ’τ’ἶμμ’

142 795 357 830 ἐπισπέσθαι
385 794 530 842 πατρός.
588 794 783 830 Infinitivus
812 794 909 830 enirn
935 795 1069 839 μαθεῖν
1113 792 1161 828 ad
1188 793 1342 829 verbum
1370 792 1569 838 πιφαύσκω
1598 793 1635 839 ki.
1665 806 1697 828 e.
1729 793 1855 829 iubeol
1886 807 1928 829 se
1958 792 2072 841 appli-

141 875 227 898 care
258 875 331 899 non
357 862 512 905 videtur,
541 875 623 899 cum
650 862 700 898 ad
728 863 942 898 ἐπισπέσθαι
980 868 1123 898 tantum
1161 862 1333 910 quadret.
1394 861 1500 897 Hanc
1534 861 1687 909 quidem
1727 861 1948 898 divisionem
1986 871 2068 898 ean-

144 931 231 967 dem
259 932 399 980 probat
433 919 661 967 scholiastes
689 931 895 967 adnotans:
945 930 1085 966 κελεύω
1113 932 1151 965 δὲ
1179 929 1273 976 ὑμᾶς
1313 932 1509 976 πεισθῆναι
1551 934 1596 975 τῇ
1626 933 1740 975 βουλῇ
1783 934 1849 965 τοῦ
1879 930 1974 972 Διός,
2004 943 2077 977 qua

142 1001 410 1049 interpretandi
438 1001 581 1037 ratione
610 1001 703 1038 alter
730 1001 925 1037 infinitivus
955 1001 1003 1036 ab
1032 999 1152 1036 altero
1181 999 1292 1048 plane
1331 1008 1566 1049 segregatur,
1596 1012 1713 1048 quare
1745 998 1796 1035 ita
1829 998 1960 1036 Latine
1998 1012 2076 1035 ver-

114 1090 116 1092 r
142 1069 293 1107 tendum
322 1069 406 1108 erit:
436 1069 568 1106 iustum
600 1069 672 1107 hoc
701 1077 877 1119 quantum
904 1068 1029 1105 valeat
1053 1068 1194 1111 discite,
1222 1069 1335 1105 iubeo
1365 1076 1490 1104 autern
1520 1068 1683 1116 obsequi
1712 1080 1781 1103 vos
1809 1076 1881 1104 etc.

307 1153 394 1189 Uno
429 1152 516 1188 loco
552 1154 687 1190 tertiae
722 1154 927 1201 imperativi
963 1166 1153 1201 personae
1195 1166 1345 1191 munere
1388 1152 1581 1188 infinitivus
1626 1152 1803 1201 fungitur:
1847 1152 1943 1188 Cho.
1982 1155 2074 1198 613:

143 1221 257 1258 ἄλλαν
287 1222 331 1268 δή
361 1220 428 1257 τιν’
458 1223 497 1257 ὲν
525 1222 644 1268 λόγοις
672 1230 818 1268 στυγεῖν
844 1233 848 1271 1
875 1225 1023 1267 φοινίαν
1050 1222 1228 1264 Σκύλλαν,
1268 1234 1351 1258 cum
1386 1221 1636 1258 antecesserit
1670 1221 1706 1257 in
1738 1234 1769 1257 v.
1802 1224 1897 1257 602:
1927 1223 2019 1257 ἴστω
2046 1222 2071 1255 δ’

143 1289 243 1333 ὅστις
271 1299 339 1326 etc.
397 1290 500 1326 Idem
536 1291 647 1337 igitur
680 1291 867 1338 significat
901 1299 1056 1337 στυγεῖν,
1091 1291 1195 1338 quod
1231 1294 1410 1336 στυγείτω
1445 1305 1518 1333 ug:
1542 1290 1656 1326 etiam
1685 1290 1759 1326 iam
1788 1299 1986 1327 aversetur
2015 1290 2074 1326 ali-

144 1358 225 1407 quis
252 1358 287 1395 in
315 1358 485 1395 oratione
515 1367 597 1402 etc„
626 1371 700 1407 qua
729 1371 812 1396 cum
841 1359 1118 1395 constructione
1156 1359 1330 1395 conferas
1359 1357 1394 1394 Il.
1425 1363 1462 1400 Γ,
1502 1360 1596 1405 285:
1635 1362 1762 1406 Τρῶας
1796 1358 1909 1394 ἔπειθ’
1933 1357 2078 1405 Ἑλένην

145 1431 204 1465 καὶ
231 1428 398 1476 κτήματα
424 1427 530 1465 πάντ’
558 1428 769 1465 ἀποδοῦναι.

308 1496 347 1532 In
377 1496 453 1546 Ag.
482 1510 516 1533 v.
553 1509 625 1543 144
655 1497 701 1533 H.
730 1497 895 1533 Keckius
922 1499 957 1533 in
985 1498 1149 1533 editione
1180 1511 1245 1532 sua
1281 1498 1491 1533 infinitivum
1525 1511 1594 1545 pro
1625 1499 1847 1545 imperativo
1884 1499 2079 1534 restituen-

144 1565 231 1602 dum
265 1579 352 1602 esse
388 1566 586 1609 existimat,
622 1565 680 1603 alii
716 1565 824 1603 aliter
857 1567 974 1603 verba
1015 1566 1255 1608 coustituunt,
1298 1565 1537 1602 conferantur
1580 1566 1814 1603 Hermannus
1854 1575 1894 1604 et
1938 1566 2077 1616 Enger.

145 1634 359 1671 Dindorfius
388 1636 423 1671 in
451 1636 614 1671 editione
643 1635 827 1683 Lipsiensi
854 1635 984 1683 κράναι
1013 1636 1217 1684 optativum
1248 1649 1334 1672 esse
1364 1644 1504 1672 censet.
1542 1635 1729 1682 Quocirca
1749 1636 1855 1672 huius
1875 1635 1948 1672 loci
1969 1637 2078 1673 ratio-

146 1718 230 1742 nem
259 1718 332 1742 non
361 1705 505 1742 habere
535 1705 652 1742 satius
680 1704 799 1741 fuerit.

306 1774 437 1824 Itaque
467 1775 568 1823 apud
597 1773 831 1822 Aeschylum
851 1774 1062 1811 infinitivum
1089 1774 1146 1810 bis
1175 1787 1245 1823 pro
1276 1774 1485 1823 imperativi
1519 1787 1687 1811 numero-
1705 1773 1890 1824 singulari,
1919 1784 1978 1811 ter
1997 1788 2071 1823 pro

143 1843 282 1893 plurali,
314 1853 447 1892 quater
475 1857 544 1892 pro
576 1842 705 1889 altera,
738 1843 855 1881 semel
885 1857 955 1893 pro
985 1844 1095 1881 tertia
1124 1856 1290 1892 persona
1319 1854 1539 1893 usurpatum
1567 1844 1780 1881 invenimus.

307 1928 506 1966 Artissime
528 1937 654 1965 autem
677 1941 759 1965 cum
774 1930 847 1965 hoc
868 1941 936 1964 usu
956 1941 1030 1965 eae
1052 1927 1259 1965 cohaerent
1275 1937 1496 1971 structurae,
1534 1929 1594 1965 ubi
1631 1942 1692 1965 res
1726 1942 1823 1978 quae
1862 1938 2014 1978 optatur
2034 1943 2078 1966 ac

144 1998 320 2046 precibus
348 1998 486 2047 petitur
510 1997 684 2035 infinitivo
723 1997 956 2046 exprimatur.
994 1998 1089 2034 Nam
1127 2006 1298 2046 optatum
1336 1998 1625 2046 quodammodo
1656 1999 1792 2035 iussum
1812 2012 1951 2036 vocare
1978 1999 2073 2041 licet,

144 2076 183 2104 ut
217 2082 238 2104 e
266 2067 453 2104 contrario
480 2068 619 2104 iussum
647 2068 681 2104 in
711 2081 752 2104 se
782 2067 951 2104 continet
988 2075 1176 2116 optatum3
1214 2077 1275 2104 est
1307 2068 1407 2104 enim
1440 2068 1586 2116 optatio
1619 2068 1859 2117 imperativus
1892 2068 2077 2105 lenissime

143 2137 414 2185 pronuntiatus,
442 2137 680 2186 imperativus
719 2136 865 2185 optatio
894 2136 1038 2173 acriore
1067 2149 1111 2173 ac
1127 2137 1411 2174 vehementiore
1430 2138 1546 2173 modo
1569 2137 1712 2183 edicta3
1742 2146 1899 2186 utraque
1927 2137 2078 2174 dicendi

145 2205 223 2243 sive
256 2206 448 2256 cogitandi
486 2207 632 2244 ratione
664 2206 701 2243 id
736 2206 867 2254 agitur,
900 2214 940 2242 ut
974 2204 1097 2254 aliqua
1133 2219 1195 2243 res
1229 2215 1381 2255 petatur
1427 2206 1486 2244 vel
1521 2208 1711 2244 efficiatur.
1774 2207 1891 2244 Huius
1924 2220 2078 2256 quoque

143 2276 304 2313 infinitivi
344 2290 432 2314 usus
479 2276 538 2314 vel
579 2276 681 2325 apud
724 2276 925 2313 Homerum
972 2275 1144 2326 exempla
1186 2277 1436 2326 reperiuntur,
1485 2276 1584 2315 velut
1612 2292 1641 2326 ρ,
1674 2288 1773 2325 354:
1849 2281 1918 2314 Ζεῦ
1946 2277 2076 2326 πάτερ,

152 2368 195 2372 —
245 2368 295 2372 ——
349 2346 564 2393 Τηλέμαχόν
620 2361 682 2393 μοι
740 2348 779 2382 ἐν
830 2344 1006 2393 ἅνδρασιν
1061 2345 1183 2390 ὄλβιον
1236 2347 1337 2384 εἶναι.
1409 2348 1587 2385 Kuehner
1645 2348 1757 2384 etiam
1815 2348 1873 2384 hic
1923 2348 2080 2384 verbum

146 2414 305 2464 optandi
347 2415 597 2464 supplendum
640 2428 725 2452 esse
767 2415 949 2464 opinatur,
992 2423 1032 2451 ut
1074 2414 1241 2462 εὔχομαι,
1289 2418 1348 2453 vel
1385 2417 1659 2466 imperativum,
1707 2417 1807 2453 velut
1849 2416 1930 2461 δός,
1972 2416 2079 2465 quod

145 2483 327 2521 nonnullis
354 2485 447 2522 locis
482 2485 656 2521 infinitivo
686 2484 958 2535 praegreditur,
988 2493 1028 2521 ut
1055 2490 1092 2528 Γ,
1125 2497 1218 2532 351:
1246 2490 1316 2522 Ζεῦ
1344 2509 1394 2514 —
1424 2487 1486 2530 δὸς
1520 2488 1689 2523 τίσασθαι
1718 2495 1757 2523 et
1784 2486 1885 2534 apud
1912 2494 2080 2523 nostrum

146 2560 300 2603 poetam
329 2553 425 2591 Cho.
470 2556 531 2590 16:
564 2550 595 2590 ὦ
627 2558 696 2591 Ζεῦ
731 2555 792 2598 δός
821 2569 867 2602 με
901 2556 1070 2590 τίσασθαι
1105 2555 1219 2602 μόρον
1250 2557 1397 2604 πατρός.
1459 2556 1629 2593 Eandem
1663 2556 1880 2593 Dindorfius
1912 2555 2081 2604 sequitur

149 2624 373 2661 sententiam
401 2624 450 2661 ad
478 2624 583 2672 Sept.
616 2634 674 2671 75.
708 2624 780 2673 (ed.
803 2623 940 2673 Oxon.)
970 2632 1008 2660 et
1028 2624 1243 2662 Eustathius
1264 2626 1314 2663 ad
1342 2625 1377 2663 11.
1400 2630 1438 2670 B,
1459 2639 1553 2672 412:
1576 2622 1626 2662 ’τὸ
1654 2596 1771 2673 &aaa
1798 2629 1864 2673 τῆς
1891 2624 1999 2674 εὐχῆς
2009 2625 2082 2664 Ἀτ-
