2285 2900
1121 172 1165 207 47

122 265 130 301 2'
146 274 299 332 gaz-Pu
333 274 453 324 Atqui
502 274 653 311 retineri
687 288 763 324 ego
800 288 948 331 nequeo
984 275 1071 324 quin
1112 274 1394 312 artificiosiores
1431 274 1514 311 illos
1561 274 1777 310 declarandi
1804 274 1942 311 modos
1969 272 2092 310 existi-

89 392 90 396 *
110 345 117 354 ‘
145 355 283 386 mem
291 357 403 402 quam
423 343 487 392 qui
507 343 678 380 omnibus
698 345 851 392 probari
870 345 1027 393 possint
1060 345 1153 381 Hinc
1174 344 1297 393 potius
1326 343 1423 380 illam
1453 344 1604 400 dicendi
1637 344 1816 380 rationem
1833 343 2093 380 deducendam

61 414 71 420 '⁴
109 430 133 467 ’ν’
175 424 265 453 esse
286 411 512 464 putaverim,
540 413 643 462 quod
671 412 781 462 plane
810 414 946 451 eodem
966 414 1082 450 modo
1103 413 1215 462 positi
1235 413 1306 450 sint
1333 413 1514 458 infinitivi
1547 425 1622 461 quo
1649 412 1753 449 verbi
1781 413 1874 449 finiti
1904 425 2091 462 praesens

0 507 7 519 ι
49 508 56 516 -
89 497 91 499 ’
154 487 321 534 tempus
362 482 412 519 de
448 483 560 519 rebus
597 482 726 520 futuris
759 484 929 532 usurpari
962 482 1077 528 solet
1113 492 1152 519 ut
1184 482 1365 520 alacriore
1401 483 1594 532 cogitandi
1634 481 1912 532 eloquendique
1946 483 2092 519 ratione

162 543 242 602 ‘res'
250 545 255 567 ³
264 550 371 602 quasi
390 565 584 601 *praesens
613 553 855 590 describatur.

331 635 551 674 'Praesentis
581 636 804 674 infinitivum
831 649 902 686 pro
931 637 1051 673 futuro
1080 645 1292 686 usurpatum
1322 638 1455 673 nullum
1487 637 1587 685 apud
1616 635 1845 684 Aeschylum
1874 636 2003 673 inveni.
2054 637 2092 671 In

177 706 490 758 §hoephoromm
540 707 690 755 quidem
741 707 865 744 fabula
903 707 1024 755 primo
1075 707 1205 743 obtutu
1254 707 1437 743 eiusmodi
1488 716 1638 743 exstare
1689 695 1835 742 videtur
1880 707 2091 754 exemplum

152 788 211 814 .v.
253 767 344 818 '282,
386 764 448 812 u'bi
490 775 578 824 quid
634 775 774 824 Apollo
824 775 1008 811 minitatus
1059 775 1106 811 sit
1156 785 1359 811 enarratur:
1408 776 1539 818 λευκὰς
1591 777 1629 811 ὁὲ-
1684 775 1814 822 κόρσας
1865 774 1941 820 τῇδ’
1984 776 2091 810 ἐπαν-
2140 777 2147 781 ’

176 840 316 898 τέλλειν
348 844 456 893 νόσῳ.
514 845 587 892 Qui
623 854 751 882 tamen
786 844 891 881 locus
927 858 1001 881 non
1033 844 1084 881 sic
1114 844 1244 881 Latine
1277 845 1560 882 transferendus
1590 852 1663 881 est:
1695 844 1775 880 fore
1805 853 1844 881 ut
1876 856 1970 880 cana
1999 843 2093 880 fiant

174 912 355 970 tempora,
395 913 466 951 sed
506 914 558 950 ita
585 915 725 962 potius:
761 927 963 950 canescere
995 914 1119 950 solere
1158 914 1365 961 parricidae
1401 913 1569 962 capillos
1636 913 1814 949 Perfacile
1853 920 1978 949 autem
2012 913 2087 949 hoc

167 968 332 1039 'quoque
360 981 463 1020 loco
477 984 511 1020 in
541 996 708 1021 errorem
735 984 910 1033 rapimur:
939 983 1045 1032 Sept.
1080 992 1154 1029 749
1190 982 1426 1029 (ΗἈπόλλωνος
1458 986 1535 1032 τρὶς
1563 982 1742 1031 εἰπόντος)
1774 982 1985 1018 θινάσκοντα
2012 984 2092 1029 γέν-

176 1067 247 1097 νας
283 1051 371 1103 ἄτερ
411 1054 546 1100 σώζειν
586 1054 700 1098 πόλιν,
742 1055 875 1103 quibus
915 1053 1040 1090 verbis
1083 1066 1158 1090 non
1193 1054 1280 1102 quid
1315 1067 1513 1090 evasurum
1551 1052 1598 1090 sit
1632 1052 1862 1102 exprimitur,
1899 1052 1969 1090 sed
2002 1051 2090 1102 quid

148 1137 150 1139 ·
176 1123 294 1160 Laius
321 1123 446 1160 facere
478 1136 499 1159 a
529 1124 603 1160 deo
638 1124 827 1160 iubeatur:
873 1132 930 1159 ter
964 1122 1105 1171 Apollo
1140 1123 1331 1171 imperavit
1367 1133 1407 1160 ut
1440 1123 1566 1159 liberis
1599 1135 1678 1159 non
1716 1123 1927 1171 procreatis
1960 1123 2089 1159 urbem

166 1183 357 1236 servaret.

340 1261 483 1298 Aoristi
512 1274 603 1298 vero
633 1262 848 1298 infinitivum
879 1262 1130 1310 compluribus
1158 1262 1248 1298 locis
1278 1263 1383 1298 futuri
1413 1263 1483 1298 vim
1514 1262 1692 1298 ascivisse
1720 1262 1905 1299 videmus.

339 1331 396 1369 Pr.
429 1333 503 1368 668
533 1333 587 1368 κεί
612 1331 661 1379 μὴ
692 1331 791 1368 θέλοι
818 1332 994 1380 πυρωπὸν
1022 1334 1060 1369 ἐκ
1089 1332 1175 1375 Διὸς
1201 1336 1324 1379 μολεῖν
1350 1331 1536 1380 κεραυνὸν,
1566 1329 1605 1375 ὃς
1633 1335 1707 1367 πᾶν
1735 1331 1953 1377 {gammam
1979 1329 2090 1379 γένος.

174 1399 238 1437 ubi
258 1394 406 1447 *Inacho
439 1399 582 1449 Apollo
619 1400 757 1437 Loxias
793 1401 962 1443 minatur,
998 1402 1064 1438 nisi
1096 1402 1209 1437 filiam
1247 1402 1361 1437 domo
1401 1402 1605 1449 expulisset
1643 1410 1761 1437 totam
1804 1410 1958 1449 gentem
1994 1401 2090 1437 Iovis

176 1469 359 1507 Tonantis
394 1469 539 1508 fulmiue
575 1471 794 1507 exstinctum
824 1471 876 1508 iri.
942 1470 1129 1517 Quocirca
1163 1474 1350 1518 μολεῖσθαι
1382 1471 1441 1508 vel
1478 1470 1552 1508 tale
1595 1470 1685 1519 quid
1722 1479 1998 1519 exspectamus,
2033 1470 2091 1507 cui

129 1529 139 1535 ”
175 1538 274 1576 bene
304 1538 461 1576 futurum
489 1540 704 1585 ὲξαιστώσοι
731 1540 959 1583 conveniret,
994 1541 1098 1577 sicuti
1134 1541 1236 1589 Sept.
1269 1552 1342 1587 445
1379 1541 1579 1577 consimilis
1618 1541 1808 1577 sententia
1836 1540 1890 1576 sic
1925 1540 2089 1577 effertur:

140 1637 143 1640 -
177 1610 335 1645 πέποιθα
363 1607 497 1657 δἀὐτῷ
524 1610 592 1654 ξίν
619 1611 697 1656 δίκῃ
724 1610 789 1646 τὸν
815 1610 1003 1658 πυρφόροι)
1030 1608 1130 1657 ἥξειν
1157 1610 1341 1658 κεραυνόν.

338 1692 442 1740 Sept.
477 1693 563 1738 789.
596 1694 728 1740 ἐφῆκεν
754 1694 1048 1742 πικρογλώσσους
1084 1694 1174 1742 (ἱρὰς
1210 1698 1269 1730 καί
1294 1707 1363 1740 σφε
1398 1693 1626 1742 σιδαρονόμῳ
1656 1693 1713 1729 διὰ
1748 1697 1827 1741 χερί
1852 1707 1942 1729 ποτε
1969 1696 2089 1739 λαχεῖν

173 1760 340 1809 κτήματα
376 1774 458 1798 cum
490 1763 636 1799 acerbis
665 1763 981 1799 exsecrationibus
1010 1763 1203 1812 praedixit,
1244 1763 1410 1799 manibus
1446 1762 1546 1799 ferro
1581 1763 1731 1799 armatis
1768 1762 1971 1811 aliquando
2000 1775 2087 1810 pos-

172 1831 366 1868 sessiones
396 1831 477 1867 illos
507 1840 771 1880 occupaturos.

338 1914 460 1951 Prima
496 1914 624 1963 specie
662 1914 823 1951 eandem
858 1915 1020 1952 fortasse
1053 1924 1264 1964 temporum
1298 1916 1611 1964 permutationem
1649 1916 1785 1952 saetam
1825 1928 1911 1952 esse
1950 1915 2085 1952 iudica-

173 1983 230 2019 bis
272 1983 379 2031 Sept.
426 1995 551 2030 720-—
559 1993 629 2029 725
674 1984 830 2031 πέφρικα
871 1984 939 2020 ‘cciv
978 1983 1187 2020 ὠλεσίοικον
1231 1985 1318 2020 θεόν
1348 2008 1398 2011 ——
1433 2010 1482 2013 -
1510 1986 1653 2021 τελέσαι
1685 1984 1751 2028 τάς
1778 2008 1826 2013 --
1854 2007 1903 2012 —
1931 1985 2090 2033 καταράς

135 2067 140 2074 ’
179 2051 362 2091 Οἰδιπόδα.
435 2051 578 2089 Etenim
620 2060 819 2101 postquam
862 2051 1040 2089 Eteocles
1082 2061 1204 2090 semet
1243 2053 1364 2103 ipsum
1402 2067 1533 2091 manus
1568 2066 1652 2091 cum
1690 2054 1801 2090 fratre
1834 2061 2089 2090 conset-turum

175 2121 370 2170 professus
398 2129 466 2164 est,
495 2120 667 2157 mulieres
697 2121 907 2158 Thebanae
942 2123 1073 2159 timere
1109 2124 1283 2160 videntur
1320 2138 1365 2160 ne
1400 2125 1552 2161 infanda
1587 2125 1780 2161 calamitas
1820 2133 2000 2161 eventura
2029 2124 2087 2161 sit.

175 2190 257 2240 Sed
295 2190 370 2229 hoc
412 2190 538 2240 potius
579 2198 698 2239 poeta
739 2191 833 2234 dicit,
876 2191 1027 2229 chorum
1069 2200 1187 2230 totam
1223 2206 1345 2230 rerum
1389 2195 1646 2231 conditionem
1687 2203 1929 2243 praesentem
1970 2192 2088 2242 patris

176 2261 436 2297 exsecratione
478 2260 654 2296 effectam
696 2274 782 2296 esse
825 2274 1000 2297 censere:
1041 2275 1178 2298 vereor
1217 2277 1264 2299 ne
1307 2264 1524 2312 Oedipodis
1567 2265 1850 2301 exsecrationes
1893 2265 1963 2300 iam
1996 2276 2089 2300 nunc

174 2330 281 2369 nimis
308 2344 398 2368 vero
428 2338 564 2367 eventu
591 2331 893 2379 comprobentur.

337 2413 445 2465 Sept.
478 2411 565 2461 367
601 2416 699 2457 ἐλπίς
730 2415 807 2450 ἐστι
842 2414 1016 2463 νύκτεροι
1049 2415 1154 2459 τέλος
1191 2420 1325 2463 μολεῖι
1361 2429 1437 2464 quo
1474 2416 1558 2453 loco
1594 2424 1853 2466 quamcunque
1890 2417 2089 2454 lectionem

26 2495 141 2534 ,·
142 2484 364 2539 sequimur
396 2483 492 2520 illam
519 2484 688 2520 infinitivi
723 2485 852 2521 aoristi
886 2493 1107 2522 structuram
1143 2494 1350 2522 statuamus
1398 2496 1570 2535 oportet.
1612 2487 1841 2536 sperandum
1881 2496 1940 2524 est
1974 2487 2022 2535 (h.
2055 2500 2108 2525 e.-

141 2547 275 2591 'weum
286 2552 420 2597 'timore
449 2553 759 2613 exspectandum)
789 2552 998 2590 adfuturum
1027 2566 1114 2590 esse
1142 2554 1261 2591 noctis
1289 2554 1464 2592 officium.

338 2621 467 2672 Suppl.
500 2623 576 2657 618
605 2643 653 2647 —-
683 2621 797 2669 Ζηνὸς
824 2621 934 2658 miz-01
961 2624 1073 2669 μέγαι
1108 2638 1319 2671 προφωιωι
1347 2622 1476 2671 μηποτ’
1519 2625 1657 2662 εἰσόπιν
1686 2641 1774 2674 χροι
1776 2640 1820 2662 ου
1845 2624 1952 2662 πόλιι
1977 2630 2091 2675 παχῦ-
