2285 2900
1158 154 1200 194 36

428 265 516 313 quid
547 277 596 300 ex
627 265 759 300 timore
790 272 982 312 sequatur,
1012 277 1085 300 non
1115 263 1204 313 quid
1234 269 1421 299 metuatur
1460 260 1698 298 describitur:
1740 274 1833 309 prae
1870 269 1971 297 metu
2009 257 2142 313 oculos

427 334 578 382 operire
608 347 766 383 nequeo.

336 438 343 447 .‚
371 404 448 439 Sex
478 410 683 451 praeterea
712 402 781 439 alia
811 410 959 439 exstant
988 402 1094 438 huius
1125 415 1213 439 usus
1244 403 1432 450 exempla:
1464 402 1519 438 Pr.
1553 413 1629 446 919
1661 400 1717 450 (rc)
1743 400 1793 448 μὴ
1815 399 1885 448 οὐ).
1918 398 1993 449 Ag.
2029 409 2139 444 1171.

215 474 323 520 1589.
364 471 460 508 Cho.
504 483 592 518 304.
632 471 738 508 Eum.
782 484 865 509 220.
908 484 995 517 941.
1056 471 1134 507 Sed
1172 479 1346 520 quattuor
1385 470 1445 507 illa
1480 470 1729 518 descripsisse
1768 470 1858 506 satis
1901 482 1988 505 esse
2030 468 2138 504 duco.

205 541 354 588 Quodsi
396 540 558 589 exempli
595 542 718 590 gratia
758 555 868 590 quem
905 541 1124 590 protulimus
1159 540 1294 583 locum,
1332 540 1406 590 Ag.
1450 551 1491 587 15
1531 539 1753 577 consideres
1793 537 1966 576 articulus
2001 537 2139 575 eodem

204 610 320 646 modo
349 609 519 646 adiectus
549 619 609 646 est
639 618 677 646 ut
695 611 723 646 si
754 610 915 646 dicatur:
945 614 1079 645 τοῦτον
1109 611 1173 645 τὸν
1202 610 1349 656 τρόπον.
1396 610 1723 645 Constructionem
1755 609 1866 657 igitur
1893 609 1999 645 vides
2027 608 2138 655 plane

205 680 368 716 eandem
408 692 575 722 manere,
622 693 719 728 quae
768 680 803 715 in
844 680 921 716 aliis
956 679 1138 715 infinitivis
1174 679 1426 715 consecutivis
1466 686 1649 715 cernatur.
1709 677 1838 725 Quare
1878 678 1913 714 in
1958 676 2140 714 eiusmodi

203 748 296 785 locis
327 749 471 785 articuli
500 749 655 796 pristina
684 749 740 784 vis
771 749 1071 785 demonstrativa
1100 749 1324 785 remansisse
1355 748 1519 791 videtur3
1549 746 1655 784 aliter
1685 747 1783 783 enim
1817 745 2137 795 quemadmodum

205 827 392 855 structura
423 831 513 854 sane
546 818 638 853 mira
669 817 860 867 explanari
889 818 1008 866 possit
1038 818 1215 866 equidem
1245 830 1319 854 non
1346 817 1470 854 video.

370 886 564 923 Plurimum
608 896 732 923 autem
777 888 810 922 in
853 886 1009 922 articulo
1052 887 1231 923 infinitivo
1278 886 1519 934 adiungendo
1550 887 1583 923 ei
1626 894 1768 933 poetae
1820 885 1888 922 sibi
1932 886 2135 934 sumpsisse

203 956 386 999 videntur,
417 957 479 1006 qui
510 966 597 1006 post
627 970 671 994 ea
701 969 852 1005 quoque
881 956 1000 992 verba
1024 968 1070 992 eo
1100 957 1155 992 usi
1192 965 1287 998 sunt,
1317 969 1414 1004 quae
1453 955 1667 992 infinitivum
1702 955 1809 1002 quasi
1838 953 2138 1003 supplementum

205 1026 438 1062 desiderant.
498 1027 634 1074 Neque
662 1039 752 1061 vero
787 1026 904 1061 ceteri
945 1035 1086 1072 poetae
1122 1026 1255 1072 tragici
1294 1027 1433 1062 audere
1469 1025 1541 1061 hoc
1576 1025 1839 1061 dubitaverunt
1875 1025 1978 1061 velut
2016 1024 2135 1072 Soph.

204 1094 251 1130 O.
282 1095 327 1132 C.
358 1107 434 1141 442
468 1104 558 1144 post
585 1097 709 1136 ἐθέλω,
741 1094 877 1131 Trach.
911 1105 983 1141 545
1018 1103 1107 1142 post
1137 1095 1303 1143 δι’-ιἀμαι,
1334 1094 1420 1132 Eur.
1451 1093 1526 1143 Iph.
1555 1093 1602 1131 A.
1634 1096 1707 1140 655
1740 1101 1830 1142 post
1858 1095 1980 1129 σθένω
2008 1092 2136 1129 articu-

205 1163 278 1200 lum
310 1164 351 1200 τό
379 1173 661 1212 usurpaverunt.
721 1164 782 1200 Ab
812 1164 995 1211 Aeschyli
1023 1177 1200 1200 sermone
1228 1165 1411 1201 eiusmodi
1432 1164 1580 1200 dicendi
1611 1163 1704 1199 ratio
1733 1175 1887 1211 prorsus
1916 1162 2038 1199 aliena
2066 1172 2136 1199 est.

372 1234 546 1283 Denique
581 1234 650 1271 hac
689 1234 736 1270 de
775 1233 1118 1282 praepositionibus
1169 1244 1255 1271 ante
1299 1234 1506 1271 infinitivum
1548 1232 1759 1270 disserendi
1800 1232 2006 1269 occasione
2050 1232 2139 1269 data

205 1304 334 1340 facere
362 1317 434 1340 non
466 1318 619 1352 possum
650 1304 736 1352 quin
764 1304 1044 1351 usurpationem
1082 1305 1190 1341 vocis
1235 1309 1320 1352 πρίν
1356 1304 1539 1353 explicem
1576 1303 1850 1351 excutiamque.
1915 1302 2024 1350 Quae
2055 1315 2138 1351 par-

206 1372 316 1410 ticula
345 1373 520 1410 infinitivo
551 1374 725 1410 adiuncta
755 1386 826 1409 non
857 1372 962 1410 aliter
991 1374 1074 1410 mihi
1111 1374 1261 1410 videtur
1293 1387 1408 1422 posse
1447 1372 1609 1423 intellegi
1648 1372 1714 1409 nisi
1751 1372 1781 1408 si
1810 1380 2029 1415 statuamus,
2056 1375 2142 1420 πρίν

206 1443 494 1491 praepositionis
526 1443 727 1491 aliquando
756 1443 829 1478 vim
858 1443 1034 1479 habuisse
1066 1457 1225 1491 eamque
1261 1444 1331 1480 iam
1363 1453 1449 1480 ante
1486 1445 1688 1480 Homerum
1726 1444 1876 1492 quidem
1907 1442 2138 1484 exstinctam.

206 1513 277 1548 sed
311 1520 399 1548 ante
434 1513 586 1548 verbum
622 1526 690 1561 per
724 1512 844 1548 omnia
880 1514 1028 1550 saecula
1066 1514 1267 1562 vigentem.
1332 1512 1569 1550 Consimilem
1604 1512 1694 1561 Iolly
1734 1526 1885 1562 quoque
1921 1512 2143 1549 sententiam

207 1593 301 1629 prae
334 1594 376 1616 se
417 1580 486 1616 fert
518 1580 537 1616 l.
573 1580 594 1616 l.
632 1595 665 1629 p.
704 1593 788 1622 221,
824 1582 884 1629 qui
920 1582 1031 1617 etiam
1067 1581 1163 1618 ὥστε
1205 1591 1243 1618 et
1277 1584 1391 1630 πάρος
1426 1583 1562 1619 eodem
1596 1583 1712 1619 modo
1747 1584 1944 1619 declarare
1977 1590 2142 1619 conatur.

208 1650 289 1687 Nos
328 1650 416 1698 quid
455 1651 502 1686 de
538 1664 631 1687 voce
670 1648 762 1686 ὥστε
800 1651 1005 1688 iudicemus
1047 1661 1160 1689 antea
1204 1653 1474 1697 enarravimus,
1519 1650 1635 1701 πάρος
1673 1660 1759 1689 ante
1797 1651 2008 1689 infinitivum
2044 1652 2144 1701 apud
2182 1646 2184 1648 ¹

209 1719 441 1768 Aeschylum
471 1733 543 1756 non
575 1720 717 1769 legitur.
776 1719 864 1767 Iolly
895 1720 1004 1769 igitur
1033 1722 1230 1757 contendit
1270 1721 1364 1757 falso
1403 1721 1462 1757 illa
1499 1721 1683 1758 vocabula
1711 1722 1825 1758 etiam
1853 1729 1928 1757 tum
1957 1734 2040 1758 cum
2067 1721 2142 1757 infi-

209 1789 324 1825 nitivo
353 1790 531 1827 adiuncta
559 1791 630 1827 sint
658 1791 936 1827 coniunctiones
965 1790 1158 1839 appellari.
1197 1791 1337 1840 quippe
1377 1805 1475 1841 quae
1512 1805 1595 1829 cum
1631 1805 1722 1829 vere
1757 1790 1937 1829 adverbia
1968 1790 2041 1827 sint
2068 1803 2144 1827 non

211 1858 329 1894 minus
355 1859 679 1906 praepositionum
708 1874 818 1908 quam
848 1861 1144 1897 coniunctionum
1180 1861 1491 1910 significationem
1529 1862 1726 1910 accipiant.
1783 1861 1912 1910 Atque
1942 1862 2014 1897 iarn
2044 1861 2145 1909 apud

213 1927 423 1963 Homerum
453 1928 522 1964 etsi
552 1942 624 1964 non
646 1928 736 1965 alias
772 1930 840 1965 nisi
873 1929 1039 1966 adverbii
1075 1941 1205 1978 partes
1240 1939 1341 1967 tenet
1373 1945 1454 1968 cum
1487 1931 1660 1968 infinitivo
1703 1931 1948 1980 coniungitur.
2014 1929 2145 1979 Itaque

212 1995 512 2033 concludendum
551 1997 708 2042 videtur,
744 2002 827 2046 πρίν
862 1999 897 2047 (i.
936 2013 969 2036 e.
1003 2002 1131 2048 πρωίϊ,
1167 2000 1200 2036 in
1234 2013 1310 2049 quo
1343 1999 1434 2037 latet
1466 2001 1570 2037 radix
1606 2015 1686 2049 προ,
1726 2001 1774 2038 de
1803 2013 1877 2050 qua
1912 1998 2147 2049 etymologia

210 2066 406 2114 copiosius
451 2066 541 2103 dixit
584 2067 719 2104 Preuss
750 2082 786 2116 p.
823 2081 870 2114 42
918 2068 1044 2117 not.¹3)
1086 2070 1408 2118 praepositionem
1453 2071 1642 2119 quondam
1685 2083 1768 2107 cum
1811 2070 1938 2107 dativo
1982 2070 2144 2107 fortasse

211 2136 372 2172 iunctam
411 2135 535 2178 fuisse,
571 2144 610 2172 ut
636 2137 732 2173 haec
761 2147 947 2175 structura
989 2139 1128 2176 eodem
1163 2139 1248 2175 loco
1284 2148 1321 2176 et
1355 2153 1510 2176 numero
1543 2140 1720 2177 habenda
1754 2141 1810 2183 sit,
1846 2153 1921 2189 quo
1951 2140 2145 2176 infinitivus

212 2211 304 2252 post
330 2203 429 2251 πλήν
456 2204 653 2242 adhibitus.
711 2206 837 2253 Quare
869 2209 1191 2257 quemadmodum
1222 2209 1317 2256 πλήν
1353 2209 1386 2245 in
1422 2210 1753 2257 grammaticorum
1783 2209 1884 2246 libris
1913 2209 2147 2259 praepositio

216 2273 423 2323 impropria
454 2273 587 2311 dieitur
615 2276 752 2312 eodem
780 2277 925 2314 nomine
956 2279 1042 2328 quin
1071 2291 1209 2315 vocem
1237 2282 1322 2327 πρίν
1350 2280 1583 2328 appellemus
1612 2279 1697 2316 nihil
1726 2280 1868 2316 obstat.

380 2343 496 2393 Apud
525 2345 754 2394 Aeschylum
785 2349 902 2385 octies
932 2350 1001 2386 hoc
1031 2349 1255 2387 vocabulum
1291 2362 1374 2386 cum
1408 2358 1577 2399 tempore
1609 2351 1708 2388 finito
1744 2351 1978 2387 coniunctum
2007 2350 2144 2388 inveni-

212 2422 290 2459 tur3
320 2412 438 2451 semel
470 2415 565 2451 enim
596 2416 815 2454 indicativus
844 2419 970 2456 aoristi
999 2420 1178 2468 sequitur,
1212 2421 1266 2456 Pr.
1301 2422 1390 2466 481,
1435 2420 1577 2468 septies
1606 2420 1787 2470 particula
1815 2419 1861 2457 ἄν
1891 2434 1972 2457 cum
2001 2421 2148 2458 coniun-

347 2571 383 2614 13)
431 2572 467 2605 C.
492 2573 619 2610 Preuss,
645 2574 686 2604 de
717 2575 962 2607 enuntiatorum
993 2576 1229 2617 temporalium
1254 2576 1343 2616 apud
1374 2581 1489 2616 poetas
1524 2578 1667 2618 tragicos
1692 2577 1840 2610 Graecos
1865 2588 1924 2608 usu
1948 2587 1986 2609 ac
2010 2578 2154 2614 ratione„

433 2627 676 2670 Gryphiswald.
713 2629 806 2668 1864.
833 2631 918 2661 Diss.
