2285 2900
1087 93 1126 127 17

140 209 239 246 quae
268 203 491 245 sequuntur:
522 196 624 231 πνέω
659 209 716 232 τοι
753 195 862 242 μένος
898 190 1044 231 ἅπαντά
1073 208 1112 231 τε
1140 193 1257 231 κότον.
1316 193 1444 241 Quare
1474 201 1514 230 ut
1542 193 1593 229 sic
1621 192 1909 242 interpretemur
1935 205 2066 230 versus

136 266 427 315 proposuerim:
460 277 520 300 me
549 265 645 300 haec
674 264 820 312 perpeti
851 264 919 299 sub
950 265 1134 312 terrisque
1163 264 1332 300 habitare
1364 264 1624 300 inhonoratam
1654 272 1768 312 atque
1796 263 1972 300 invisam!

303 335 474 372 Alterum
495 333 705 383 exemplum
725 334 822 370 inest
841 334 876 369 in
897 333 1074 381 Aegisthi
1095 334 1218 370 verbis
1240 333 1315 382 Agr
1346 335 1441 369 1662
1466 346 1523 381 sq.
1545 330 1637 368 ἀλλὰ
1666 331 1785 369 τοῦσδ’
1806 334 1881 380 ἐμοὶ
1910 336 2069 380 ματαίαν

140 409 310 452 γλῶσσαν
338 400 402 440 ὧδ’
429 403 629 440 ἀπανθίσαι
655 403 659 453 1
686 402 878 446 κάκβαλεῖν
906 403 973 449 ἔπη
1001 406 1154 438 τοιαῦτα
1187 404 1358 450 δαίμονος·
1385 403 1643 449 πειρωμένους,
1670 401 1673 441 1
1700 402 1893 450 σώφρονος
1920 403 2069 450 γνώμης

138 473 344 522 δ’ἁμαρτεῑν
390 473 456 509 τὸν
503 476 719 520 κρατοῦντα
781 471 819 507 In
868 470 968 507 libris
1017 471 1167 520 quidem
1216 473 1312 508 haec
1361 479 1487 507 exstat
1527 470 1656 506 lectio:
1690 471 1880 519 σώφροιος
1920 485 2070 518 γτωμης

73 541 84 551 ’
137 542 378 592 ὃὰμαρτῆτον
425 546 639 589 κρατοῦντα.
726 542 863 577 Latere
911 549 1035 577 autem
1078 540 1113 577 in
1152 554 1247 578 voce
1290 539 1501 588 ἁμαρτῆ-τον
1547 539 1737 576 vocabula
1776 538 1950 588 ἁμαρτεῑι
2004 541 2069 576 τόν

136 613 208 649 iam
245 612 492 648 Casaubonus
534 610 772 660 viditffquae
813 609 999 645 sententia
1040 610 1087 645 ab
1130 611 1298 646 omnibus
1333 610 1418 645 viris
1472 609 1592 645 doctis
1646 609 1807 657 probata
1842 609 1876 645 in
1919 609 2067 645 dubium

134 682 194 717 vix
236 681 365 718 vocari
408 688 553 729 potest,
600 688 639 715 ut
685 687 826 715 certam
869 678 1044 726 beneque
1094 679 1270 716 munitam
1315 679 1527 715 habeamus
1569 679 1800 726 scripturam.
1858 680 1931 715 Iam
1975 692 2068 715 vero

135 751 279 800 plurimi
322 736 487 788 editores
530 750 586 786 his
630 750 663 785 in
709 748 835 785 verbis
881 748 1118 785 offenderunt
1155 758 1192 786 et
1231 749 1339 786 alium
1374 749 1415 785 iis
1453 747 1741 797 assignaverunt
1773 749 1915 790 locum;
1945 761 2067 797 neque

136 821 235 857 enim
266 821 383 857 verba
413 820 545 869 quibus
582 819 664 867 ipse
699 819 934 866 vituperetur
963 818 1152 866 Aegistho
1191 819 1337 855 attribui
1367 832 1496 866 posse.
1547 818 1787 854 Hermannus
1830 818 1941 866 igitur
1982 827 2069 866 post

134 904 167 926 ν.
219 894 315 937 1655
363 903 409 927 ea
453 888 661 930 collocavit,
707 888 837 937 Enger
887 911 937 914 —
984 887 1131 925 Gilbert
1179 898 1267 937 post
1313 903 1345 925 v.
1399 892 1491 935 1651
1536 887 1706 924 lacunam
1751 886 1909 936 explens
1944 888 2065 925 verbis

134 959 199 996 οὐκ
228 958 405 1008 εὐπρεπές
432 958 492 995 vel
523 942 710 994 similibus.
769 957 879 1004 Quae
910 954 1152 993 coniecturae
1174 958 1342 1006 quamvis
1372 958 1444 994 sint
1465 957 1644 1006 speciose
1674 957 1916 1005 excogitatae
1945 958 2066 1005 magis

134 1037 260 1065 tamen
296 1028 379 1064 mihi
413 1029 542 1075 placet
580 1027 750 1064 Dindorfi
783 1027 922 1075 opinio,
962 1039 1036 1063 non
1072 1026 1130 1063 illa
1166 1028 1313 1076 quidem
1342 1028 1377 1063 in
1414 1027 1580 1064 editione
1625 1026 1814 1075 Lipsiensi
1843 1028 1999 1075 prolata,
2031 1027 2066 1063 in

133 1110 208 1145 qua
238 1109 313 1145 quo
342 1098 431 1132 loco
462 1096 610 1132 fuerunt
639 1097 778 1132 eodem
807 1096 925 1132 verba
955 1109 1028 1132 uno
1058 1104 1187 1132 tenore
1218 1097 1368 1144 scripsit
1396 1096 1492 1133 nulla
1525 1097 1826 1144 interpunctione
1854 1097 1983 1133 addita
2013 1119 2057 1123 —

132 1175 206 1203 tum
224 1167 321 1203 enim
337 1167 371 1202 in
387 1167 466 1202 illas
492 1165 739 1208 difficultates,
754 1165 887 1214 quibus
906 1166 1138 1202 Hermannus
1155 1167 1288 1215 aliique
1306 1166 1354 1203 ad
1377 1165 1595 1203 mutandum
1626 1166 1802 1202 commoti
1819 1174 1914 1209 sunt,
1945 1165 2058 1202 incur-

133 1235 245 1272 rimus
259 1258 309 1262 ——
327 1236 396 1271 sed
411 1236 447 1271 in
465 1235 633 1272 editione
646 1235 852 1272 Oxoniensi
870 1236 1069 1278 enuntiata,
1086 1236 1118 1272 in
1136 1250 1209 1285 qua
1229 1236 1311 1284 ipsa
1328 1249 1480 1284 quoque
1499 1236 1688 1283 Aegistho
1704 1236 1829 1272 tribuit
1844 1237 1974 1277 verba,
1992 1237 2061 1272 sed

131 1314 219 1354 post
235 1306 367 1343 vocab
359 1306 458 1341 ilum
474 1302 651 1353 ἁμαρτειν
669 1305 929 1354 interpungit..
956 1305 1042 1353 Quo
1059 1306 1159 1342 facto
1175 1306 1273 1342 bene
1290 1305 1371 1354 regi
1388 1305 1510 1342 oratio
1527 1305 1710 1348 convenit,
1728 1305 1846 1341 modo
1858 1314 1898 1342 ut
1913 1318 2060 1342 versum

130 1374 312 1411 vocabulo
329 1375 546 1433 expleamus
564 1387 659 1422 opus
678 1383 735 1410 est
747 1376 876 1423 ‚quod
892 1376 1077 1423 significet
1094 1377 1281 1423 λοιδορεῖν7
1298 1375 1431 1420 dvowi„
1414 1378 1559 1415 fsassat
1575 1374 1676 1411 velut
1693 1374 1910 1423 αρωμένους
1924 1375 1993 1418 vel,
2012 1376 2060 1412 uti

132 1443 387 1481 Blomfieldius
417 1444 622 1492 proposuit
652 1442 835 1492 (Ῡιβρίσαι.
893 1446 944 1481 Ita
978 1445 1073 1482 enim
1111 1445 1225 1482 verba
1260 1458 1306 1482 eo
1337 1444 1422 1482 loco
1453 1445 1488 1482 in
1526 1458 1601 1494 quo
1629 1444 1770 1482 tradita
1799 1452 1885 1482 sunt
1914 1445 2062 1494 integra

73 1552 79 1559 ,
131 1514 326 1549 servamus
362 1525 486 1560 neque
523 1513 701 1548 maiorem
743 1526 853 1561 quam
893 1514 1008 1549 ceteri
1042 1515 1267 1561 interpretes
1304 1515 1338 1550 in
1371 1516 1490 1550 verbo
1521 1515 1705 1550 addendo
1735 1514 1923 1551 licentiam
1953 1515 2062 1551 nobis

130 1583 318 1619 sumimus.
385 1582 522 1630 Neque
552 1596 643 1619 vero
666 1581 814 1620 difficile
838 1591 896 1620 est
925 1596 1106 1621 excusare
1133 1583 1405 1621 verbositatem
1435 1596 1549 1633 quam
1580 1583 1707 1620 inesse
1736 1583 1771 1619 in
1800 1582 1861 1619 illa
1891 1583 2061 1620 oratione

132 1652 267 1688 dixerit
294 1652 484 1701 quispiam.
544 1651 668 1698 Quid?
703 1665 827 1688 nonne
858 1653 933 1689 hoc
964 1666 1011 1689 ex
1040 1661 1170 1689 natura
1207 1653 1395 1689 hominum
1425 1654 1472 1694 fit,
1502 1661 1540 1688 ut
1569 1653 1630 1701 qui
1657 1654 1709 1689 ira
1737 1654 1951 1690 inflammati
1979 1655 2060 1694 sint.

132 1723 165 1759 ei
202 1736 299 1771 quae
336 1722 492 1758 animum
525 1731 696 1770 pungant
729 1731 841 1771 atque
883 1732 990 1759 urant
1025 1736 1069 1760 ea
1111 1723 1273 1771 pluribus
1319 1723 1443 1759 verbis
1486 1731 1677 1771 exponant
1717 1735 1827 1771 quarn
1863 1723 2059 1772 tranquillo

130 1792 254 1828 animo
296 1792 373 1828 fieri
419 1792 533 1828 solet?
603 1791 734 1840 Itaque
779 1801 909 1828 nostro
953 1805 1105 1840 quoque
1149 1793 1237 1829 loco
1280 1792 1474 1829 infinitivus
1518 1792 1581 1840 qui
1617 1792 1749 1828 dicitur
1778 1794 2060 1829 exclamationis

132 1862 274 1910 optime
304 1875 345 1898 se
374 1862 515 1897 habere
547 1862 701 1900 videtur.
740 1876 850 1910 quem
882 1863 1119 1899 Hermannus
1159 1871 1198 1898 et
1227 1862 1356 1910 Enger
1393 1862 1585 1898 evitarunt.
1651 1861 1767 1910 Atqui
1803 1863 1850 1899 ab
1881 1861 2059 1911 Aeschyli

131 1944 307 1968 sermone
336 1944 576 1979 nequaquam
608 1931 765 1967 alienum
796 1945 879 1967 eum
909 1945 995 1968 esse
1029 1940 1139 1968 antea
1166 1932 1257 1968 satis
1287 1933 1572 1968 demonstrasse
1603 1931 1711 1968 nobis
1741 1932 1919 1974 videmur,
1941 1945 2058 1980 quare

130 2001 205 2037 hoc
235 2014 386 2050 quoque
417 2002 624 2049 exemplum
657 2001 707 2036 ad
733 2000 819 2039 illud
850 2001 1009 2037 infinitivi
1040 2014 1162 2049 genus
1193 2002 1386 2038 ascribere
1419 2015 1494 2038 non
1525 2001 1745 2038 dubitamus.

293 2070 440 2118 Quodsi
479 2071 526 2107 ad
564 2083 646 2106 eum
680 2070 728 2106 de
766 2083 840 2119 quo
885 2070 1008 2107 adhuc
1046 2071 1190 2119 egimus
1227 2072 1387 2108 infinitivi
1420 2085 1524 2108 usum
1565 2071 1781 2119 respicimus
1816 2072 2057 2121 breviterque

129 2154 226 2188 quae
259 2154 280 2176 a
311 2141 419 2176 nobis
450 2141 639 2188 disputata
679 2149 762 2176 sunt
800 2141 1158 2188 comprehendimus
1196 2155 1271 2178 non
1301 2155 1384 2178 eum
1423 2150 1498 2178 tam
1529 2141 1697 2189 angustis
1727 2141 1894 2179 videmus
1924 2143 2056 2181 finibus

129 2219 302 2258 saeptum
345 2223 431 2246 esse
470 2222 581 2257 quam
615 2209 716 2257 apud
752 2209 964 2249 Homerum.
1001 2210 1061 2258 qui
1096 2210 1178 2246 nihil
1222 2210 1401 2247 adhibeat
1433 2210 1498 2246 nisi
1534 2210 1689 2258 primum
1724 2212 1828 2258 quod
1864 2212 2054 2260 attigimus

128 2292 259 2326 genus,
321 2278 469 2315 Etenim
506 2278 718 2325 Aeschylus
763 2279 874 2314 etiam
918 2279 953 2313 in
1000 2280 1195 2327 phrasibus
1245 2279 1519 2319 adverbialibus
1562 2288 1600 2315 et
1643 2279 1678 2315 in
1720 2279 2054 2321 exclamationibus

128 2347 342 2385 infinitivum
378 2348 584 2397 usurpavit,
614 2347 684 2384 sed
732 2357 855 2384 tamen
885 2348 1051 2384 modicus
1091 2349 1125 2385 ei
1155 2358 1213 2385 est
1241 2349 1299 2385 hic
1329 2362 1426 2385 usus.
1483 2348 1559 2384 Eas
1588 2361 1679 2384 vero
1709 2348 1927 2389 locutiones.
1956 2365 2053 2401 quae

128 2418 280 2454 articulo
311 2418 532 2465 praeposito
562 2419 820 2454 conformatae
850 2427 934 2454 sunt
964 2420 1113 2455 omnino
1140 2420 1422 2470 respuitsctque
1453 2418 1619 2455 evitavit.
