2285 2900
1126 168 1148 198 6

391 280 416 327 ξ
450 279 488 316 2.
551 280 666 329 Quae
696 281 883 318 infinitivi
914 283 1066 317 formae
1096 281 1136 316 in
1165 280 1354 327 Aeschyli
1385 281 1533 317 fabulis
1560 281 1826 318 inveniantur.

386 378 460 413 lam
491 392 583 415 vero
612 380 829 427 priusquam
862 380 910 415 ad
940 380 1035 415 hanc
1065 379 1297 427 quaestionis
1327 388 1474 426 partem
1503 379 1794 429 progrediamur
1821 392 1867 416 ne
1897 379 1980 428 quis
2009 380 2106 418 sorte

167 436 329 491 miretur=
356 447 386 482 si
415 448 638 495 posterioris
660 449 793 485 aetatis
822 449 858 484 in
887 448 1067 485 infinitivis
1098 448 1302 486 formandis
1339 448 1615 498 simplicitatem
1641 457 1679 486 et
1707 449 1816 497 quasi
1844 449 2107 497 parsimoniam

166 530 248 553 cum
279 517 472 554 Homerici
502 520 686 556 sermonis
715 521 888 556 ubertate
920 519 1197 567 comparaverit
1226 532 1322 567 opus
1352 528 1409 556 est
1446 519 1600 568 digitum
1635 519 1828 556 intendere
1856 519 1889 556 in
1921 516 2005 556 earn
2035 519 2104 557 for-

165 599 305 622 marum
334 590 665 636 grammaticarum
695 589 828 638 legem,
861 602 980 638 quam,
1010 589 1114 636 quod
1141 589 1319 636 equidem
1358 589 1485 626 sciam.
1522 589 1556 625 in
1590 589 1750 625 omnium
1777 589 1944 638 gentium
1971 588 2105 639 linguis

164 657 360 693 cernimus.
421 658 618 707 Tempore
650 661 746 696 enim
774 660 1003 707 procedente
1035 671 1106 693 non
1136 667 1174 694 ut
1205 668 1307 694 artes
1336 658 1495 698 litterae,
1528 658 1688 695 scientia
1716 658 1891 695 doctrina
1920 668 2104 701 crescunt,

164 725 218 761 sic
248 729 360 764 etiam
390 741 565 764 numerus
595 730 795 765 formarum
825 737 992 776 augetur.
1023 740 1178 774 quarum
1214 727 1383 776 indigent
1412 728 1459 764 ad
1490 727 1707 776 effingenda
1735 736 1775 764 et
1802 728 2020 765 exornanda
2048 742 2104 771 ea,

164 810 263 846 quae
295 798 517 847 excogitata
548 808 586 835 et
605 798 752 834 inventa
783 805 874 836 sunt,
904 797 972 832 sed
1000 810 1020 832 e
1052 796 1239 832 contrario
1256 797 1384 833 mirum
1406 797 1440 832 in
1470 796 1619 833 modum
1648 796 1875 833 imminuitur.
1934 798 2105 835 Existunt

167 867 316 913 quidem
360 867 432 902 alia
462 869 639 905 subsidia.
685 868 752 903 sed
790 868 903 914 ipsius
933 866 1080 912 linguae
1125 867 1266 902 formae
1310 879 1385 912 quo
1418 867 1597 902 remotius
1627 875 1775 914 tempus
1806 875 1864 903 est
1888 881 1935 904 eo
1963 868 2103 916 plenio-

166 949 227 973 res
271 944 307 973 et
350 935 477 985 plures
521 936 693 974 videntur
735 950 817 973 esse
864 944 901 972 et
929 948 1002 984 quo
1046 934 1191 983 longius
1236 943 1383 983 tempus
1414 934 1584 983 procedit
1613 947 1659 971 eo
1688 934 1931 984 simpliciores
1961 935 2038 973 fieri
2067 945 2104 973 et

164 1006 338 1040 ubertate
376 1006 571 1054 superiore
608 1006 766 1041 destitui.
826 1006 978 1043 Intuere.
1015 1017 1173 1051 quaeso,
1209 1014 1372 1054 nostram
1407 1005 1570 1050 linguam
1604 1005 1856 1046 vernaculam,
1887 1015 2025 1053 quanta
2057 1008 2104 1042 sit

165 1074 395 1123 singularum
426 1085 593 1112 aetatum
621 1076 818 1112 dissensio.
850 1075 1038 1122 Quantum
1055 1074 1171 1111 nostri
1189 1073 1328 1111 saeculi
1359 1087 1485 1111 sermo
1508 1088 1529 1110 a
1549 1083 1679 1111 vetere
1702 1073 1868 1112 dialecto
1889 1074 2102 1113 Gothorum

166 1143 291 1184 distat.
334 1152 512 1194 quantum
543 1158 564 1181 a
593 1143 761 1181 dialectis
805 1153 1029 1193 temporum,
1075 1145 1208 1192 quibus
1253 1144 1316 1179 fuit
1359 1143 1518 1180 Carolus
1554 1144 1716 1192 Magnus
1764 1145 1841 1180 sive
1892 1145 2103 1181 Fridericus

166 1214 417 1251 Barbarossa?
483 1215 618 1262 Neque
652 1213 758 1251 aliter
791 1228 877 1251 sese
914 1228 974 1251 res
1005 1214 1135 1254 habet.
1174 1215 1203 1250 si
1240 1214 1396 1250 animum
1436 1214 1600 1250 attendis
1636 1215 1684 1250 ad
1722 1214 1884 1262 linguam
1921 1215 2101 1252 Latinam.

166 1282 264 1319 Num
294 1292 445 1320 exstant
473 1297 587 1320 aurea
615 1292 740 1319 aetate
769 1283 929 1331 Augusti
972 1284 1087 1319 verba
1126 1283 1337 1331 composita
1377 1282 1499 1331 qualia
1528 1291 1612 1319 sunt
1640 1283 1675 1319 in
1703 1283 1921 1331 fragmentis
1964 1285 2101 1320 Pacuvi

167 1355 288 1389 velut:
335 1354 672 1392 incurvicervicum,
703 1367 785 1389 num
815 1362 963 1389 exstant
991 1354 1155 1399 genetivi
1185 1354 1343 1393 formae,
1376 1352 1506 1400 quales
1535 1362 1619 1389 sunt
1648 1353 1749 1400 apud
1770 1353 1924 1389 Ennium
1947 1353 2100 1404 (Annal.

164 1422 280 1474 421):
309 1422 399 1463 vias,
430 1422 531 1471 apud
566 1423 745 1459 Plautum:
784 1420 1021 1463 Alcumenas,
1059 1421 1094 1457 in
1131 1421 1449 1469 inscriptionibus:
1486 1421 1711 1470 Prosepnais
1746 1420 1915 1472 (Ritschl‚
1952 1422 2100 1470 priscae

165 1492 285 1527 Latin.
316 1504 478 1527 monum.
510 1493 585 1527 tab.
616 1491 720 1533 XM?
762 1491 910 1538 Ubique
933 1492 1108 1527 minutam
1130 1492 1264 1538 potius.
1287 1505 1399 1538 quam
1428 1501 1575 1527 auctam
1598 1505 1684 1529 esse
1713 1491 1859 1539 copiam
1888 1491 2066 1528 videmus.

386 1559 558 1597 Eundem
594 1560 701 1609 igitur
734 1560 768 1596 in
817 1559 969 1596 modum
1002 1559 1114 1596 etiam
1160 1558 1323 1596 infinitivi
1360 1559 1640 1597 terminationes
1679 1567 1843 1595 mutatae
1877 1568 1972 1596 sunt.
2031 1559 2099 1596 Illis

163 1631 261 1666 enim
286 1631 532 1678 temporibus,
567 1632 600 1666 in
634 1644 730 1678 quae
762 1631 984 1677 tragoediae
1008 1631 1212 1677 primordia
1244 1631 1422 1670 incidunt.
1459 1644 1568 1666 unum
1607 1630 1785 1678 quodque
1814 1639 1963 1678 tempus
1991 1645 2099 1668 unam

164 1709 308 1736 certam
338 1700 494 1737 formam
525 1700 593 1736 sibi
628 1708 892 1748 assumpserat.
931 1709 1028 1748 quae
1065 1713 1189 1748 neque
1224 1699 1358 1736 variari
1397 1713 1520 1747 neque
1554 1699 1625 1735 alia
1674 1698 1895 1735 commutari
1936 1707 2097 1747 poterat.

163 1769 237 1815 Qui
266 1768 369 1816 apud
399 1768 606 1804 Homerum
635 1777 739 1804 erant
766 1768 927 1804 infinitivi
963 1770 996 1804 in
1032 1783 1137 1814 μεναι
1176 1777 1213 1803 et
1239 1783 1307 1814 μει·
1343 1770 1541 1816 perierunt.
1602 1769 1711 1814 Quae
1746 1768 1887 1815 reliqua
1916 1777 2000 1804 sunt
2027 1769 2097 1804 suf-

160 1837 233 1873 fixa
261 1838 313 1874 ita
341 1837 538 1874 distributa
567 1847 666 1874 sunt:

384 1908 594 1957 praesentis
627 1906 830 1951 infinitivus,
866 1907 895 1944 si
930 1907 1042 1956 stirps
1078 1907 1289 1956 praesentis
1324 1907 1546 1943 consonanti
1583 1906 1641 1942 vel
1672 1921 1681 1941 ι
1713 1907 1790 1943 sive
1823 1920 1842 1941 ι’
1870 1906 1990 1943 littera
2023 1906 2096 1942 fini-

162 1988 229 2018 tur,
260 1991 334 2014 non
364 1977 435 2012 alia
465 1978 609 2024 syllaba
639 1979 703 2012 nisi
733 1993 786 2012 w*
821 1979 1059 2016 terminatur;
1095 1979 1210 2013 verba
1240 1979 1274 2012 in
1301 1993 1340 2024 μ(
1377 1979 1549 2013 exeuntia
1581 1993 1636 2013 mc!
1666 1978 1834 2025 affigunt;
1864 1978 1979 2013 verba
2009 1990 2095 2014 con—

163 2056 285 2083 tracta
316 2047 351 2082 in
380 2045 546 2094 syllabas
580 2055 792 2083 contractas
829 2056 891 2086 εῖιῃ
927 2051 982 2086 (ἰν,
1016 2051 1083 2082 οὖν
1120 2046 1309 2084 desinunt.
1347 2060 1499 2095 quarum
1534 2047 1730 2083 formarum
1769 2055 1961 2095 postrema
1995 2046 2096 2094 apud

163 2116 370 2153 Homerum
400 2116 436 2152 in
466 2129 532 2151 usu
562 2129 648 2152 esse
678 2117 840 2152 nondum
870 2116 1008 2164 coepit.

384 2186 560 2222 Futurum
587 2200 736 2235 semper
765 2201 819 2222 ειι·
848 2186 952 2235 stirpi
983 2199 1074 2223 suae
1106 2186 1271 2234 apponit.

384 2256 556 2304 Denique
600 2257 807 2304 perfectum
851 2257 961 2292 activi
1003 2271 1080 2292 wat
1125 2257 1260 2292 exitum
1303 2257 1474 2296 adhibet,
1518 2270 1592 2305 quo
1630 2256 1768 2292 eodem
1798 2256 1924 2292 aoristi
1957 2257 2095 2304 passivi

162 2334 318 2366 utuntur,
349 2326 385 2361 in
414 2326 547 2374 quibus
575 2339 654 2362 cum
686 2341 699 2361 «ι,
729 2326 850 2362 littera
878 2326 1084 2362 thematica
1114 2325 1147 2361 in
1179 2330 1260 2372 ἦναι
1290 2326 1527 2362 contrahitur.

382 2397 509 2443 Itaque
542 2397 571 2431 si
607 2397 775 2433 universa
808 2396 1052 2444 perlustrabis
1090 2397 1253 2432 varietas
1291 2397 1479 2444 quaedam
1513 2406 1596 2432 orta
1635 2407 1704 2440 est,
1734 2397 1789 2433 sin
1822 2410 1914 2433 vero
1948 2395 2093 2445 singula

159 2474 343 2514 tempora,
372 2465 480 2513 quasi
508 2479 617 2502 unum
646 2465 834 2514 quendam
864 2475 1059 2515 aspectum
1088 2466 1285 2514 praebent.

382 2534 489 2570 Hanc
517 2535 637 2582 ipsam
667 2548 776 2583 quam
804 2536 1069 2584 descripsimus
1099 2535 1237 2571 aetatis
1260 2535 1479 2571 recentioris
1510 2536 1689 2572 rationem
1718 2536 1751 2572 in
1778 2535 1958 2584 Aeschyli
1988 2536 2091 2572 fabu-

158 2605 200 2641 lis
235 2604 452 2641 invenimus.
512 2604 672 2640 Veteres
712 2617 803 2640 vero
835 2605 1001 2641 infinitivi
1038 2605 1179 2641 formae
1218 2603 1330 2652 plane
1368 2605 1587 2653 repudiatae
1624 2615 1708 2642 sunt
1745 2606 1795 2641 ob
1829 2618 1912 2641 eam
1948 2603 2092 2642 scilicet

160 2687 325 2718 causam,
355 2674 458 2723 quod
486 2672 703 2711 multitudini
733 2674 836 2711 nimis
866 2675 1066 2712 obsoletae
1095 2674 1311 2711 viderentur
1349 2688 1523 2724 quaeque
1553 2675 1637 2712 ferri
1669 2688 1742 2712 non
1771 2683 1930 2724 possent
1960 2673 2027 2711 nisi
2055 2674 2092 2711 in
