2285 2900
1055 142 1098 174 29

291 240 426 289 Neque
455 240 503 276 ab
531 240 604 277 hoc
634 241 784 278 dicendi
810 253 954 289 genere
977 254 1046 278 eae
1067 241 1329 278 secernendae
1351 249 1436 278 sunt
1460 240 1684 282 locutiones,
1707 239 1838 289 quibus
1869 237 2047 275 decorum

132 308 267 358 aliquid
300 323 386 347 esse
425 309 556 361 dicitur
584 312 645 347 vel
673 319 712 347 ut
739 310 869 359 aliquis
908 311 971 347 fiat
1003 324 1089 348 esse
1123 319 1285 359 tempus:
1344 313 1536 358 πρέπει
1573 310 1674 346 Eum.
1720 311 1800 357 185.
1829 331 1879 337 —-
1911 307 2008 355 ἀκμ
2027 309 2046 355 ή

131 378 207 428 Ag.
248 390 357 426 1353.
383 402 435 406 —
464 378 697 426 ἀκμάζει
724 381 826 428 Sept.
854 382 913 426 98.
943 401 991 405 -—
1022 380 1210 428 καιρός
1245 380 1301 416 Pr.
1343 391 1428 427 523.
1467 402 1517 406 —
1548 378 1649 415 ἔσθ’
1683 378 1701 415 ὁ
1730 378 1921 427 καιρός
1948 377 2044 414 Cho.

135 456 219 493 710.
238 470 290 475 —
318 449 435 483 ἐστί
450 461 469 482 ν
484 460 745 497 nonnunquam
768 456 858 496 post
891 448 1058 484 dativum
1078 461 1264 496 personae
1290 449 1481 485 omittitur:
1506 450 1609 485 Eum.
1636 451 1722 495 746.
1755 458 1839 494 747.
1866 446 1951 494 ἡμῖν
1978 446 2048 494 γὰρ

131 518 248 567 ἔῤῥειν
262 516 286 565 ἢ
300 516 422 565 πρόςω
439 516 545 564 τιμὰς
561 517 753 565 νέμειν.-
770 516 928 565 ἄριστα
943 517 1046 565 Sept.
1071 518 1151 554 186.
1169 541 1219 545 —
1242 517 1427 565 ἄμεινόν
1448 517 1569 554 ἐστιν
1584 517 1712 566 Suppl.
1740 519 1823 563 189.
1841 524 2045 564 -κρεῐσ-

131 600 211 624 σον
230 587 287 624 Pr.
312 599 399 634 750.
418 609 467 615 --—
484 587 620 622 καλόν
635 587 741 634 Sept.
767 599 832 623 101
848 599 877 623 1.
896 587 1094 634 ἔργου-Λα
1110 592 1129 622 λ
1145 587 1164 623 ό
1180 602 1199 623 v
1228 589 1332 637 Sept.
1353 590 1440 635 583.
1459 611 1508 614 —
1527 603 1542 624 ε
1559 587 1580 623 ὕ
1596 600 1616 623 σ
1634 602 1650 623 ε
1666 587 1719 631 βέ
1736 601 1753 629 ς
1773 586 1868 623 Cho.
1893 597 1976 632 123.
1994 608 2046 612 -

133 656 580 705 εὐπρεπέστερον
611 656 706 693 Cho.
739 659 828 701 664.
858 679 910 683 —
947 655 1233 703 ἀριστεύει
1266 658 1322 693 Pr.
1357 659 1445 703 890.
1483 680 1534 684 -—
1573 657 1719 699 εἰκός
1756 656 1831 703 Ag.
1870 657 1958 702 585.
1994 677 2044 681 —

131 723 226 775 ἡβᾷ
262 725 337 775 Ag.
375 726 462 772 584.
500 747 550 752 ——
590 733 784 772 κρατεῖ
817 723 891 773 Ag.
933 727 1041 770 1364.
1079 747 1129 779 -f
1163 728 1319 773 θέμις
1346 726 1450 761 Eum.
1482 735 1570 771 472.
1610 748 1656 751 -ω
1692 727 1910 760 δίκαιον
1939 722 2043 758 Eum.

133 807 217 842 725.
276 796 363 832 Hoc
391 795 611 831 adiectivum
641 794 690 830 ab
720 793 917 841 Aeschylo
938 794 1050 830 etiam
1070 795 1322 843 personaliter
1342 795 1484 837 dicitur,
1513 794 1615 844 quod
1646 809 1667 831 a
1697 807 1872 831 sermone
1903 792 2044 830 Home-

129 863 205 899 rico
241 862 400 900 alienum
438 871 498 899 est
539 862 599 909 (cf.
636 862 811 909 Krueger
846 874 961 910 gram.
997 863 1035 905 ΙΙ,
1070 875 1087 909 5
1097 874 1128 910 5,
1168 876 1198 910 3,
1242 866 1311 912 11.)
1372 864 1476 900 Eum.
1518 867 1566 910 56
1597 866 1654 899 καὶ
1683 863 1816 909 κόσμος
1844 861 1931 898 οὔτε
1958 861 2047 909 πρὸς

131 935 229 969 θεῶν
257 933 446 980 ἀγάλματα
474 935 599 980 φέρειν
627 934 771 974 δίκαιος,
792 955 844 960 --
863 946 889 967 π
905 947 924 979 ρ
940 932 959 968 ό
974 944 995 968 σ
1010 947 1041 968 ω
1079 934 1100 968 ὁ
1116 948 1125 968 ι
1141 949 1160 969 κ
1177 949 1198 970 α
1214 938 1227 970 ί
1241 949 1272 970 (ο
1290 949 1308 970 ν
1332 934 1425 970 Eum
1452 946 1538 980 413.
1560 956 1612 961 —
1637 932 1660 969 ἆ
1676 938 1695 977 ξ
1712 947 1721 968 ι
1739 947 1758 968 ο
1781 947 1799 968 ι’
1829 932 1926 968 ChO.
1959 936 2044 977 960.

291 1030 362 1077 Qui
393 1038 433 1066 ut
459 1029 597 1077 aliquid
625 1030 737 1066 faciat
766 1038 829 1066 aut
857 1030 996 1078 probet
1023 1030 1058 1066 in
1087 1030 1241 1068 animum
1270 1031 1409 1067 inducit
1438 1031 1468 1067 is
1504 1029 1697 1067 constituit
1732 1042 1821 1071 rem,
1857 1027 2045 1077 promittit,

129 1099 240 1136 iurat:
287 1098 415 1144 δόξα
442 1101 565 1147 νικᾷ
594 1098 686 1135 Cho.
709 1100 796 1145 683.
827 1121 878 1126 —
906 1100 1297 1147 μεταγιγώσκο)
1326 1099 1402 1148 Ag.
1428 1111 1513 1135 221.
1544 1121 1594 1125 ——
1627 1100 1940 1146 ψηφίζομαι
1969 1097 2043 1145 Ag.

135 1179 244 1216 1353.
275 1191 326 1195 —
356 1172 533 1215 ψῆφος
562 1167 861 1215 κέκρανται
891 1168 1022 1216 Suppl.
1055 1181 1141 1215 943.
1171 1191 1219 1195 -—
1251 1171 1461 1215 νομίζω
1491 1168 1595 1204 Eum.
1626 1169 1965 1214 423.-ἐστὶν
1993 1168 2045 1203 ἐν

129 1241 325 1285 φρεσίν
356 1237 451 1274 Cho.
485 1236 863 1282 705.--ὁ“ικάζω
886 1236 961 1285 Ag.
986 1249 1094 1284 1413.
1121 1240 1449 1285 -ὁοκεῖμοι
1479 1238 1581 1274 Eum.
1614 1249 1700 1284 309.
1729 1259 1777 1263 -—-
1810 1238 2046 1281 ἐπεξιακ-

127 1306 270 1352 χάζο]
299 1304 957 1353 Sept.635—-—cisret2.e'fflSept.
988 1305 1590 1353 441.-ὑπι’σχομαιΕυῐη.
1623 1305 2046 1352 807.--κατεύχο-

131 1389 222 1422 μαι
252 1374 463 1426 (promitto)
496 1373 709 1424 Eum'jo25.
740 1397 791 1401 ——
813 1373 1013 1421 ὄμνυμι
1046 1376 1140 1424 Sept
1174 1388 1258 1422 530.
1289 1398 1340 1403 —
1374 1375 1535 1422 λόγου
1568 1378 1773 1423 κραίνω
1794 1372 1926 1422 Suppl.
1956 1378 2044 1419 609.

131 1467 183 1472 -—
213 1444 521 1491 ξυνόμνυμι
552 1443 648 1480 Cho.
681 1455 769 1491 959.
802 1442 1216 1493 --ὃρκιομοτέια
1246 1446 1351 1482 Eum.
1386 1449 1472 1493 766.
1502 1467 1548 1471 —
1583 1443 1749 1493 ἅραρέ
1778 1457 1862 1487 τις
1888 1440 2046 1492 ὅρκος

132 1513 209 1562 Ag.
244 1515 354 1559 1285.

294 1596 356 1633 Ab
385 1596 427 1633 iis
457 1605 583 1633 autem
611 1597 734 1634 verbis
764 1596 888 1646 qualia
917 1606 1001 1635 sunt
1033 1600 1245 1646 ψηφίζομαι,
1282 1598 1369 1643 δόξα
1407 1602 1486 1646 νικᾷ
1519 1597 1713 1634 infinitivus
1742 1595 1851 1634 latius
1880 1596 2046 1633 manavit

139 1675 178 1702 et
215 1675 303 1715 post
336 1678 384 1702 ea
418 1679 570 1715 quoque
605 1667 639 1702 in
668 1680 736 1702 usu
774 1680 860 1703 esse
893 1667 1030 1715 coepit,
1069 1680 1165 1715 quae
1204 1667 1428 1716 significant:
1462 1680 1588 1703 verum
1622 1667 1771 1709 ducere,
1805 1666 1957 1714 opinari,
1998 1679 2046 1702 ex

135 1735 267 1783 quibus
301 1736 419 1771 sutura
458 1735 518 1771 illa
552 1735 608 1772 vis
643 1748 799 1783 prorsus
838 1737 1002 1773 evanuit:
1038 1739 1118 1771 οἰό
1133 1751 1221 1783 μαι
1259 1737 1317 1773 Pr.
1360 1741 1445 1782 269.
1484 1760 1533 1763 ——
1572 1738 1758 1772 δοκεῖν
1786 1736 1843 1772 Pr.
1876 1740 1964 1782 436.
1995 1757 2046 1762 —-

133 1806 370 1841 πέποιθα
406 1804 511 1852 Sept.
553 1816 612 1850 37.
648 1827 699 1830 —
743 1808 904 1852 κρίνω
947 1805 1047 1841 Pers.
1090 1816 1175 1851 225.
1211 1828 1261 1831 —
1302 1805 1515 1850 δοξάζω
1550 1804 1613 1854 Ag
1644 1810 1729 1851 673.
1759 1827 1809 1831 -—
1842 1806 2047 1850 νομίζω

135 1874 240 1924 frgm.
274 1876 358 1919 284.
387 1898 438 1901 —
468 1874 645 1920 θανμά
662 1876 729 1919 ξω
756 1873 831 1922 Ag.
870 1887 979 1911 1201.
1037 1875 1072 1910 In
1100 1874 1175 1910 hoc
1202 1874 1296 1911 enirn
1316 1874 1434 1911 verbo
1464 1876 1575 1911 latet:
1605 1875 1663 1910 vix
1683 1886 1751 1922 pro
1771 1886 1862 1910 vero
1890 1873 2045 1918 habere,

133 1944 193 1980 vix
227 1943 384 1980 credere
421 1955 572 1992 possum
606 1943 665 1979 vel
699 1943 772 1979 tale
811 1943 908 1991 quid.
939 1965 988 1969 —--
1020 1958 1038 1978 ο
1058 1942 1076 1978 ὀ
1115 1945 1138 1978 1¹}
1153 1958 1175 1979 α
1193 1947 1213 1978 ὗ
1228 1958 1291 1991 μα
1320 1943 1449 1993 Suppl.
1488 1955 1561 1991 513
1593 1943 1612 1980 i.
1643 1957 1677 1979 e.
1709 1955 1781 1979 non
1810 1941 1957 1979 difficile
1987 1950 2047 1978 est

136 2014 185 2050 ad
212 2012 514 2062 intellegendum.
545 2035 594 2039 —
627 2013 772 2047 ἔοικε
790 2027 809 2047 ν
838 2013 1007 2057 (videtur,
1037 2014 1241 2061 putandum
1279 2015 1352 2061 est)
1386 2022 1425 2050 et
1452 2014 1546 2050 aliae
1575 2013 1679 2049 huius
1709 2013 1866 2061 perfecti
1893 2012 2045 2056 formae,

136 2082 230 2120 Cho.
262 2085 337 2128 884
368 2090 436 2119 etc.

298 2166 411 2214 Quod
441 2166 521 2214 quis
551 2166 628 2201 fieri
657 2165 770 2213 cupit,
800 2165 836 2200 id
866 2164 971 2201 simul
1010 2177 1229 2202 eventurum
1258 2179 1345 2202 esse
1376 2174 1523 2215 speram
1562 2178 1667 2214 spem
1694 2165 1744 2200 ita
1773 2164 1927 2200 definire
1958 2177 2045 2212 pos-

135 2249 259 2273 sumus
293 2244 331 2272 ut
368 2236 415 2272 sit
448 2235 617 2271 voluntas
655 2242 808 2271 eventus
847 2234 1159 2272 verisimilitudine
1198 2236 1446 2280 confidentior
1484 2245 1523 2272 et
1558 2235 1714 2272 alacrior
1748 2234 1854 2270 facta.
1917 2233 2046 2282 Atque

134 2306 251 2343 verba
294 2305 472 2354 sperandi
513 2312 550 2341 et
577 2304 693 2341 verba
727 2302 924 2341 voluntatis
959 2318 1056 2353 quae
1093 2305 1261 2342 dicuntur
1294 2306 1328 2342 vi
1358 2304 1548 2354 principali
1589 2305 1737 2354 gemina
1767 2302 2047 2357 qis-Jdammodo

137 2382 175 2411 et
203 2373 379 2411 simillima
409 2387 495 2410 esse
525 2374 637 2409 etiam
667 2374 947 2422 quaestionibus
968 2387 1098 2410 eorum
1118 2375 1363 2417 confirmatur,
1394 2377 1454 2423 qui
1475 2375 1509 2410 in
1539 2374 1747 2410 enodandis
1774 2367 2047 2409 voc-‹ss‘wlorum

136 2442 338 2492 originibus
374 2434 570 2480 elaborant
602 2443 703 2479 velut
738 2442 884 2480 Curtius
920 2443 1087 2481 radicem
1117 2445 1215 2480 Fam
1245 2457 1327 2480 cum
1349 2444 1523 2491 βούλιηιαι
1560 2451 1598 2479 et
1626 2443 1759 2480 Latina
1789 2442 1904 2494 stirpe
1934 2441 2046 2493 volup

135 2513 343 2550 cohaerere
374 2514 561 2560 docuit11).

269 2636 304 2680 ¹¹)
352 2636 390 2670 G.
417 2636 557 2674 Curtius,
585 2635 783 2677 Grundziige
809 2636 866 2667 der
889 2636 1114 2677 griechischen
1138 2636 1358 2677 Etymologie.
1384 2647 1414 2678 p.
1441 2637 1504 2675 248
1530 2640 1563 2667 et
1588 2636 1662 2669 261.
