2285 2900
1119 119 1158 150 19

186 226 225 254 ut
251 231 394 256 memor
422 218 490 255 sim
518 241 568 245 -
600 231 675 267 quo
706 217 791 255 loco
822 217 977 255 alterum
1005 218 1160 255 verbum
1195 217 1383 254 sufficeret
1418 218 1467 254 ad
1502 218 1600 254 idem
1631 219 1767 254 eadem
1797 219 1875 255 fere
1905 219 2106 267 perspicui-

186 296 263 324 tate
292 287 564 329 enuntiandum,
594 288 662 324 sed
691 300 795 324 more
824 288 1015 336 epicorum
1043 287 1166 324 verbis
1195 299 1270 323 non
1297 288 1529 335 parcentium
1558 289 1763 333 μεμνῆσθαι
1792 288 2004 336 appositum
2036 297 2104 325 est.

348 355 475 406 Suppl.
504 366 594 403 407.
627 358 682 394 δεῖ
699 371 756 394 τοι
779 359 928 401 βαθείας
950 357 1145 405 φροντίδος
1177 359 1360 404 σωτηρίου
1386 354 1390 406 Ι
1417 357 1520 403 δίκην
1542 358 1814 404 κολυμβητῆρος
1829 359 1865 400 ἐς
1892 357 2012 400 βυθὸν
2038 372 2103 403 μο-

185 430 260 462 λεῖν
285 427 290 478 Ι
316 426 485 474 δεδορκὸς
519 424 616 472 ὄμμα
649 426 731 474 μηδ’
755 425 847 473 ἄγαν
882 425 1081 473 ᾠνωμένον
1109 438 1204 474 opus
1235 435 1293 462 est
1320 425 1507 474 profunda
1538 438 1624 461 cura
1654 434 1692 461 ut
1721 426 1959 463 cernentibus
1988 425 2106 463 oculis

184 509 251 533 nec
280 496 385 534 nimis
414 496 499 533 vino
529 495 693 544 gravatis
723 493 900 531 in'altum
928 494 1219 531 descendamus.

347 579 422 628 Ag.
455 582 542 616 620.
598 579 663 616 οὐκ
691 578 765 615 ἔσθ’
794 576 894 622 ὅπως
921 580 1061 625 λέξαιμι
1081 579 1125 614 τὰ
1147 579 1264 625 ψεύδη
1291 579 1382 614 καλὰ
1409 580 1412 628 Ι
1440 581 1476 621 ἐς
1504 580 1568 614 τὸν
1583 579 1699 614 πολὺν
1715 583 1851 624 φίλοισι
1877 583 2102 627 καρποῦσθαι

180 650 312 697 χρόνον
347 663 421 686 non
457 650 608 686 dixerim
641 649 836 686 mendacia
865 647 1020 697 pulchra
1052 658 1091 686 ut
1126 648 1161 684 in
1195 648 1346 698 longum
1390 648 1568 697 temporis
1606 648 1765 697 spatium
1810 648 1945 685 fructus
1980 649 2104 686 amicis

185 719 331 756 existat.

346 789 421 836 Ag.
455 791 541 833 708.
573 787 747 835 ὑμέναιον
772 786 811 831 ὃς
839 787 911 823 τότ’
940 789 1135 835 ἐπέῤῥεπεν
1169 791 1379 835 γαμβροῖσιν
1414 787 1558 829 ἀείδειν,
1587 787 1647 835 qui
1677 787 1869 824 infinitivus
1899 789 2103 836 pronomini

181 857 338 895 relativo
368 856 666 907 supplementum
696 856 845 894 additus
875 866 951 893 est:
982 856 1059 893 hoc
1084 864 1187 893 certe
1203 857 1316 916 modo
1347 857 1596 892 anacoluthon
1613 855 1874 904 explicandum
1905 870 1992 893 esse
2021 858 2103 893 mihi

181 927 332 975 quidem
360 928 515 963 videtur.

343 1011 418 1060 Ag.
456 1014 542 1056 962.
580 1011 676 1053 οἶκος
711 1009 862 1057 ὑπάρχει
899 1011 1017 1046 τιῦνδε
1055 1010 1123 1045 σὺν
1156 1012 1261 1052 θεοῖς,
1314 1008 1415 1054 ἄναξ,
1452 1010 1561 1055 ἓχειν;
1602 1009 1722 1045 adhuc
1758 1018 1818 1045 est
1844 1009 1978 1046 domus
2009 1012 2041 1056 (i.
2072 1025 2101 1047 e.

181 1079 340 1121 divitiae,
375 1092 469 1128 opes
503 1079 765 1126 domesticae),
806 1086 843 1113 ut
879 1079 1009 1114 horum
1045 1078 1079 1124 (i.
1115 1091 1144 1113 e.
1184 1087 1471 1114 stramentorum
1499 1081 1785 1125 purpureorum)
1816 1079 2022 1115 habeamus
2054 1103 2096 1106 -—

181 1162 292 1196 quem
327 1149 375 1185 ad
412 1147 532 1185 locum
565 1147 694 1196 Enger
723 1148 930 1184 adnotavit:
976 1147 1067 1183 »der
1103 1147 1253 1184 Infinitiv
1291 1147 1337 1184 ist
1377 1147 1487 1183 freier
1518 1147 1770 1196 hinzugefugt.
1810 1148 1879 1184 wie
1919 1147 2016 1184 oster
2054 1149 2100 1185 im

180 1217 457 1258 Griechischen‚
486 1229 546 1253 wo
564 1217 628 1252 wir
642 1216 705 1253 ihn
734 1217 810 1253 mit:
839 1229 900 1252 um
921 1216 1100 1256 dadurch,
1131 1230 1190 1252 um
1211 1217 1336 1268 damst,
1364 1230 1422 1253 um
1451 1217 1589 1253 darauf
1604 1217 1875 1264 wiedergeben
1903 1223 2093 1254 mussen.«

343 1300 438 1337 Cho.
473 1310 530 1345 70.
565 1301 713 1347 διαλγὴς
744 1299 814 1347 ἄτη
846 1302 1008 1348 διαφέρει
1036 1301 1100 1336 τὸν
1124 1303 1239 1336 α’ἰτιον
1266 1302 1494 1347 παναρκέτας
1524 1301 1633 1337 νόσοι·
1670 1301 1806 1349 βρύειν,
1836 1314 1949 1349 quem
1980 1300 2101 1338 locum

179 1369 226 1405 A.
270 1369 318 1405 de
363 1368 516 1417 Jongh⁶)
559 1370 610 1405 ita
651 1369 931 1416 interpretatur:
982 1382 1226 1405 »aerumnosa
1269 1368 1400 1405 clades
1445 1379 1646 1406 nocentem
1691 1370 1843 1409 lacerat.
1889 1379 1927 1405 ut
1969 1372 2100 1406 morbo

179 1438 345 1474 exundet
372 1439 543 1474 invicto«

341 1521 431 1558 Ibid.
466 1531 551 1568 370.
580 1522 694 1569 πάρος
722 1521 751 1557 δ’
754 1523 787 1557 οἱ
814 1521 1010 1564 κτανόντες
1044 1535 1100 1557 νιν
1134 1518 1252 1563 οὕτως
1284 1522 1441 1568 δαμῆναι
1470 1544 1520 1547 κη
1552 1522 1813 1569 θανατηφόρον
1841 1522 1949 1557 αἶσαν
1977 1522 2102 1569 πρόσω

178 1590 260 1626 τινὰ
298 1590 567 1626 πυνθάνεσθαι;
598 1604 617 1626 ο
644 1590 674 1626 si
705 1590 765 1638 qui
810 1603 893 1626 eum
935 1590 1201 1626 interemerunt
1244 1598 1355 1626 antea
1399 1590 1454 1626 sic
1499 1591 1707 1637 periissent,
1750 1599 1788 1626 ut
1817 1591 1933 1626 fatum
1972 1604 2100 1627 eorum

177 1662 335 1697 mortale
367 1659 498 1709 procul
527 1659 657 1709 aliquis
689 1659 901 1696 audivisset.

340 1744 429 1782 Ibid.
463 1755 549 1791 740.
581 1743 749 1781 κεύθουσ’
780 1757 848 1780 fsc.
878 1745 1007 1792 γέλων)
1040 1742 1091 1779 ἐπ’
1128 1744 1244 1791 ἔργοις
1271 1745 1597 1791 διαπεπραγμένοις
1626 1747 1745 1786 καλῶς
1772 1747 1881 1790 κείνη,
1910 1743 2035 1790 δόμοις
2063 1747 2101 1779 δὲ

177 1815 296 1850 τοῖσδε
329 1818 523 1861 παγκακαῖς
557 1815 664 1859 ἔχεινῑ
708 1814 818 1849 risum
857 1812 984 1849 celans
1018 1826 1099 1849 cum
1134 1813 1279 1849 audiret
1318 1826 1379 1849 res
1412 1814 1463 1849 ita
1497 1814 1627 1855 factas,
1660 1823 1699 1849 ut
1734 1813 1833 1850 bene
1875 1813 1933 1857 illi,
1975 1813 2098 1850 domui

175 1882 258 1919 huic
286 1884 451 1930 pessime
482 1895 571 1919 sese
601 1882 776 1918 habeant.

338 1966 427 2002 Ibid.
462 1976 546 2012 797.
575 1970 629 2008 τίς
653 1964 699 2001 ἄν
720 1964 931 2011 σωζόμενον
947 1965 1089 2012 ῥυθμὸν
1115 1966 1119 2015 Ι
1147 1964 1243 2001 τοῦτἸ
1261 1966 1351 2002 ἰδεῖν
1379 1965 1538 2002 δάπεδον
1564 1965 1567 2016 Ι
1594 1964 1785 2012 ἀνομένων
1813 1965 1990 2013 βημάτων
2017 1965 2097 2014 ὄρε-

174 2047 264 2083 γμα;
301 2036 408 2071 Haec
445 2034 617 2071 Dindorfi
648 2034 841 2081 scriptura,
870 2046 967 2081 quae
1004 2033 1176 2069 codicum
1211 2047 1365 2082 quoque
1394 2044 1464 2076 est,
1498 2034 1665 2082 intellegi
1699 2048 1773 2071 non
1808 2043 1935 2082 potest
1970 2035 2036 2070 nisi
2075 2049 2095 2070 e

174 2119 285 2142 versu
318 2106 568 2142 antecedente
601 2103 854 2152 suppleamus:
883 2105 1096 2150 προστιθείη
1128 2105 1261 2151 μέτρον
1301 2112 1340 2140 et
1381 2104 1595 2141 infinitivum
1635 2104 1895 2152 explicativum
1937 2103 2096 2140 subesse

175 2183 397 2211 statuamus:
444 2183 506 2210 »ut
541 2174 613 2210 hoc
651 2171 768 2209 solum
809 2184 932 2207 rursus
969 2171 1097 2208 videat
1136 2172 1381 2209 desinentium
1418 2186 1616 2222 gressuum
1647 2174 1763 2209 nisum
1805 2186 1959 2209 servare
1995 2185 2095 2209 men-

173 2257 320 2281 suram«
353 2243 402 2280 A.
433 2245 481 2280 de
511 2243 645 2291 J0ngh.

336 2327 425 2364 Ibid.
457 2338 545 2374 995.
576 2327 734 2375 μύραινα
769 2326 861 2373 γἐῐτ’
897 2324 1001 2371 ἔχιδν’
1041 2326 1110 2371 ἔφυ
1136 2326 1141 2377 Ι
1168 2326 1295 2373 σήπειν
1312 2326 1449 2374 θιγοῦσ’
1471 2326 1517 2362 ἄν
1544 2326 1656 2363 ἄλλον
1671 2325 1715 2362 οὐ
1731 2327 1951 2373 δεδηγμένοι·
1978 2324 1981 2375 Ι
2009 2326 2092 2362 τόλ-

172 2410 242 2444 μης
270 2397 369 2433 ἕκατι
395 2396 566 2432 κάκδίκου
598 2396 830 2444 φρονήματος
861 2417 911 2421 —-
950 2407 1061 2442 quam
1094 2404 1186 2443 puto
1223 2394 1330 2431 alium
1369 2408 1443 2431 non
1481 2408 1643 2431 morsum
1673 2404 1832 2443 tangere
1862 2404 1901 2431 ut
1931 2395 2094 2442 putrefa—

172 2465 253 2507 ciat,
297 2479 395 2514 quae
439 2474 499 2502 est
543 2466 621 2502 eius
664 2465 821 2501 audacia
865 2464 1124 2512 impietasque.
1184 2464 1311 2501 Paullo
1355 2464 1573 2501 insolentior
1617 2463 1770 2513 quidem
1805 2472 1864 2501 est
1901 2464 1974 2501 hoc
2010 2465 2094 2500 loco

318 2612 341 2654 6)
389 2611 425 2643 In
448 2611 593 2643 editione
618 2611 713 2643 huius
738 2611 876 2644 fabulae.
946 2610 1086 2644 Traiect.
1116 2611 1159 2642 ad
1184 2611 1288 2643 Rhen.
1321 2611 1414 2651 1856.
