2285 2900
1133 202 1175 232 26

187 311 281 348 Cho.
316 321 401 357 277.
433 334 484 338 -—
515 313 632 348 ἑστὶ
659 314 813 355 κλέος
841 313 1182 362 frgm.129⁹).-
1221 312 1398 347 λάσκω
1432 311 1525 347 Cho.
1560 321 1621 356 39.
1653 334 1704 338 —
1739 311 1896 353 δόλος
1928 309 2111 353 οὐδείς

190 381 298 429 Sept.
340 383 425 426 872.
461 381 575 421 κλάυ),
613 384 783 429 στένομαι
818 385 876 418 καὶ
915 382 1018 425 ὑάλος
1053 380 1170 424 οὐδεὶς
1196 381 1244 428 μὴ
1281 380 1310 416 ’κ
1337 380 1470 429 φρενὸς
1505 378 1626 427 ὀρθῶς
1652 395 1696 427 με
1725 384 1897 428 λιγαίνειν
1925 379 1944 416 ἰ.
1973 392 2005 415 e.
2035 392 2110 416 non

185 448 359 498 profecto
394 449 569 494 mentior,
606 464 688 487 cum
723 451 806 487 dico
840 464 901 488 me
938 459 1006 487 etc.
1069 451 1159 487 Post
1200 450 1383 487 eiusmodi
1423 449 1542 486 verba
1582 449 1731 486 dicendi
1776 463 1919 487 summa
1963 448 2109 486 licentia

185 519 286 555 haud
321 532 408 556 raro
443 520 506 557 ubi
542 521 712 558 oratione
749 520 892 558 directa
928 527 1044 569 poeta
1080 520 1130 556 uti
1167 520 1236 557 iam
1272 519 1423 556 instituit
1457 518 1654 556 infinitivus
1689 520 1846 569 ponitur,
1882 517 1985 558 velut
2015 518 2107 556 Cho.

189 589 274 633 289,
313 602 389 637 quo
422 590 508 626 loco
546 591 828 628 exsecrationes
865 589 1047 639 Apollinis
1093 590 1368 633 describuntnr,
1407 590 1474 626 nisi
1511 589 1608 626 forte
1641 589 1836 626 Dindorfio
1865 597 1980 626 totam
2009 588 2107 625 hanc

187 657 337 697 fabulae
379 668 527 709 partem
562 675 617 698 vv.
656 671 864 708 274—295
912 657 1170 708 interpolatam
1210 673 1295 696 esse
1331 659 1541 696 concedere
1588 657 1762 696 volumus.
1830 658 1972 708 Optimi
2010 657 2107 694 enim

186 727 343 764 codices
395 742 623 778 quamquam
675 730 861 766 indicativi
909 738 1007 770 κινεῖ,
1051 729 1220 776 ταράσσει
1261 730 1488 766 antecedunt
1531 729 1831 773 infinitivum,non
1874 729 2108 766 indicativum

190 797 361 835 ὃιιύκεται
391 799 568 836 exhibent
596 799 640 836 cf.
670 799 773 848 quod
802 797 1024 836 Klausenius
1063 798 1130 835 sul)
1160 806 1263 835 textu
1299 799 1347 835 ad
1374 812 1407 835 v.
1437 799 1511 844 289
1541 798 1745 835 adnotavit.

351 881 456 918 Unus
490 890 695 931 praeterea
734 891 861 919 notatu
897 882 1030 929 dignus
1068 891 1129 918 est
1157 881 1257 918 locus
1287 883 1379 918 Cho.
1414 894 1501 928 313,
1536 883 1595 917 ubi
1626 892 1733 918 vetus
1763 883 2003 930 proverbium
2033 882 2105 918 infi-

187 950 300 988 nitivo
334 952 565 1001 exprimitur:
601 953 774 1001 δράσαντι
807 954 948 994 παθεῖν,
988 954 1164 1000 τριγέρτι)ι’
1202 954 1319 999 μῦθος
1355 951 1439 987 τάδε
1481 960 1606 998 φωνεῖ.
1668 951 1803 988 Partim
1841 950 2014 989 absolute
2051 950 2109 987 hic

185 1020 378 1058 infinitivus
408 1031 607 1072 usurpatus
636 1031 694 1059 est
722 1022 858 1071 partim
899 1022 947 1059 ad
983 1022 1137 1058 verbum
1174 1031 1291 1068 φωνεῖ
1325 1035 1412 1059 sese
1442 1022 1619 1070 applicat3
1652 1035 1735 1058 nam
1771 1021 1881 1070 plane
1910 1022 1938 1058 si
1970 1021 2108 1058 enunti-

186 1100 288 1129 atum
318 1106 340 1129 a
367 1093 489 1130 verbo
516 1093 702 1142 penderet
729 1093 959 1130 accusativus
988 1092 1172 1140 δράσαντα
1201 1092 1366 1141 usurpari
1396 1092 1533 1129 debuit.

351 1192 432 1228 Sed
462 1205 664 1240 pergamus
696 1202 734 1229 et
764 1193 965 1229 redeamus
995 1192 1095 1228 unde
1126 1192 1286 1241 digressi
1308 1205 1442 1229 sumus.
1490 1192 1540 1228 Ut
1570 1190 1693 1241 aliqua
1723 1204 1784 1228 res
1805 1190 1868 1228 fiat
1896 1203 1971 1228 non
1992 1191 2109 1241 solum

188 1258 298 1296 iussis
326 1262 530 1297 ostendere
558 1261 769 1297 hominibus
797 1274 1010 1309 possumus,
1042 1261 1111 1296 scd
1142 1261 1253 1297 etiam
1295 1262 1480 1309 precibus.
1539 1261 1667 1307 Quare
1706 1260 1897 1297 infinitivus
1927 1269 2013 1309 post
2040 1260 2110 1296 has

189 1341 343 1377 quoque
380 1343 496 1366 voces
529 1330 727 1367 invenitur:
768 1334 788 1366 λ
805 1345 814 1366 ι
830 1345 856 1367 π
871 1346 893 1367 α
910 1345 929 1379 Q
945 1332 1007 1366 ἕω
1035 1331 1089 1366 Pr.
1126 1343 1235 1376 1004.
1267 1354 1317 1357 —
1353 1346 1375 1367 (ι
1392 1332 1403 1366 ἰ
1419 1345 1438 1366 τ
1455 1332 1472 1365 ι’
1487 1346 1505 1366 0
1519 1345 1542 1377 Ιιι
1560 1345 1609 1366 αι
1638 1330 1739 1366 Pers.
1775 1333 1860 1366 216.
1889 1352 1940 1357 —
1970 1344 1985 1365 ε
2001 1327 2058 1375 ὕχ
2073 1344 2110 1365 ο-

187 1411 212 1444 μ.
229 1411 278 1433 αι
309 1396 438 1447 Suppl.
469 1401 557 1444 674.
589 1420 632 1426 —-
660 1400 716 1434 ἐπ
732 1414 746 1434 ε
767 1399 820 1445 κχ
836 1414 855 1435 0
870 1414 893 1446 μ
911 1414 960 1435 (ιι
988 1399 1093 1435 Eum.
1125 1409 1213 1444 979.
1244 1423 1293 1426 ——
1325 1415 1344 1435 κ
1360 1415 1382 1435 ιι
1399 1415 1418 1435 r
1435 1415 1448 1435 ε
1470 1400 1523 1445 ὕχ
1539 1415 1557 1434 υ
1572 1415 1596 1446 μ
1613 1414 1635 1434 α
1652 1414 1663 1434 ι
1691 1399 1787 1436 Cho.
1824 1400 1907 1445 138.
1927 1422 1977 1425 —
1997 1400 2110 1443 ἐφν-

186 1480 212 1512 μ
230 1481 249 1502 ν
269 1469 332 1502 έιι)
359 1468 463 1504 Eum.
497 1471 582 1513 906.
612 1491 662 1495 -—
693 1468 714 1504 (Ξ
731 1470 788 1516 ρὰ
817 1469 892 1518 Ag.
929 1472 1025 1505 1602
1057 1467 1177 1512 οὕτως
1204 1468 1349 1505 ὀλέσθαι
1377 1473 1450 1505 πᾶν
1478 1468 1519 1505 τὸ
1549 1470 1790 1512 Πλεισθένους
1817 1470 1927 1516 γένος.
1956 1490 2007 1495 --

355 1563 428 1612 Qui
459 1564 531 1602 iam
567 1566 741 1614 precibus
778 1575 816 1604 ut
859 1566 998 1616 aliquid
1028 1567 1147 1604 >faciat
1186 1568 1287 1604 cedit
1323 1568 1352 1603 is
1390 1575 1560 1616 paratum
1594 1579 1680 1603 sese
1719 1567 1767 1602 ad
1795 1579 1872 1602 rem
1901 1579 1986 1602 esse
2015 1565 2111 1607 dicit,

188 1646 272 1670 eam
304 1643 469 1670 mentem
497 1634 801 1684 voluntatemque
838 1637 989 1685 suscipit
1026 1645 1065 1674 ut
1100 1639 1340 1686 obsequatur.
1400 1638 1485 1684 Qua
1522 1638 1568 1673 cle
1600 1649 1713 1673 causa
1745 1635 1812 1672 illis
1845 1636 1969 1672 verbis
1997 1635 2110 1679 adnu-

187 1702 371 1739 meranda
400 1702 495 1740 haec
524 1713 625 1741 sunt:
657 1709 755 1752 πλη
774 1708 796 1741 ἔ)
814 1706 832 1741 ιε
851 1721 870 1742 1⁷
886 1722 905 1742 (ι
920 1722 945 1754 μ
961 1722 1011 1743 αι
1048 1707 1124 1757 Ag.
1168 1718 1267 1754 1370
1305 1707 1443 1754 ταύτην
1478 1708 1544 1755 (sc.
1586 1705 1749 1753 γνιύμην)
1787 1707 1947 1741 ἐπαινεῖν
1977 1704 2112 1740 πάντο-

189 1773 256 1807 θεν
281 1772 515 1819 πληθύνομαι
543 1773 576 1809 h.
608 1786 641 1810 e.
672 1774 831 1817 inclinor,
861 1785 899 1811 ut
929 1777 1154 1813 sententiam
1183 1777 1351 1824 probem.
1382 1800 1431 1803 -—
1462 1791 1480 1811 κ
1497 1791 1519 1812 (ι
1536 1791 1590 1811 τι)
1607 1791 1626 1823 Q
1644 1778 1702 1811 90
1720 1779 1775 1810 ῦσ
1793 1777 1879 1810 θαι
1909 1774 2004 1811 Cho.
2037 1785 2110 1820 512

188 1839 210 1877 i.
242 1852 275 1877 e.
305 1839 408 1890 erigi,
437 1840 586 1890 impelli.
617 1866 668 1870 —
697 1847 889 1890 τλῆναι
919 1844 991 1894 Ag.
1048 1858 1160 1891 1091.
1199 1868 1248 1871 —
1290 1848 1433 1885 θέλω,
1464 1846 1633 1879 ἐθέλω
1668 1844 1725 1879 Pr.
1761 1855 1845 1878 201.
1904 1842 1964 1878 Ad
1994 1844 2114 1879 θέλων

190 1909 424 1958 participium
454 1911 675 1960 saepissime
707 1913 899 1950 infinitivus
930 1923 967 1950 ut
995 1914 1193 1952 vernacule
1225 1914 1456 1963 supplendus
1493 1923 1567 1951 est:
1599 1913 1691 1950 Cho.
1727 1922 1813 1959 774.
1846 1913 1921 1958 814
1950 1912 2112 1962 itemque

191 1978 240 2014 ad
266 1981 429 2026 χρηΐζων
461 1980 598 2017 eadem
631 1982 663 2017 vi
699 1982 924 2019 instructum:
963 1984 1057 2020 Cho.
1097 1986 1185 2021 816.
1224 2007 1267 2012 —
1302 1986 1557 2032 αἱρέομαι
1592 1983 1684 2020 Cho.
1722 1994 1809 2029 932.
1846 2005 1896 2009 —
1931 1982 2113 2026 βούλο·

192 2061 296 2093 μαι,
338 2047 394 2083 cui
435 2049 557 2086 acrior
598 2050 696 2087 inest
743 2065 871 2088 sensus
919 2067 1027 2102 quam
1067 2054 1185 2090 verbo
1242 2056 1336 2089 θέλω
1382 2054 1557 2103 quodque
1593 2066 1674 2089 cum
1719 2061 1776 2089 ter
1817 2053 1968 2089 omnino
2012 2052 2112 2101 apud

196 2114 428 2164 Aeschylum
468 2127 638 2155 occurrat
670 2120 786 2157 semel
824 2134 905 2158 cum
940 2123 1119 2159 infinitivo
1154 2123 1336 2159 sociatum
1373 2131 1450 2159 est:
1502 2123 1602 2159 Pei-s.
1645 2133 1731 2169 215.
1770 2146 1815 2149 —-
1851 2124 2025 2169 μέλλω
2053 2122 2110 2166 ΡΥ,

197 2186 271 2231 625
303 2184 337 2221 in
366 2198 414 2223 eo
443 2200 534 2231 sum,
562 2196 610 2225 ut.
640 2212 690 2215 —
718 2204 741 2236 .¹¹
761 2192 893 2226 ἐλλιυ
922 2192 978 2228 Pr.
1012 2183 1087 2239 627
1119 2206 1270 2241 semper
1298 2195 1404 2237 v0103
1435 2194 1559 2242 itaque
1580 2207 1662 2229 cum
1683 2191 1779 2229 velle
1809 2205 1883 2228 non
1913 2192 1959 2228 sit
1986 2191 2111 2229 facere

196 2255 392 2291 cunctandi
422 2257 587 2294 nascitur
616 2258 682 2295 vis.
717 2283 763 2287 —
802 2263 1116 2308 εταριισκενά
1137 2266 1297 2310 {ultas
1334 2264 1407 2313 Ag.
1448 2275 1532 2310 353.
1569 2286 1618 2290 ——
1656 2261 1854 2310 ἥδομαι
1889 2261 1990 2298 Eum.
2022 2274 2110 2309 3¹2-

196 2321 355 2360 libenter
383 2326 482 2364 volO.
517 2349 567 2353 —
598 2327 689 2365 οὒκ
727 2331 1092 2379 ἐιάντιοῠμαι
1128 2333 1185 2369 Pr.
1221 2334 1304 2378 787.
1336 2355 1383 2359 —
1414 2332 1504 2368 οὒκ
1541 2332 1807 2379 ἀνέχομαι
1845 2331 1901 2367 τὸ
1928 2331 1991 2379 μὴ
2019 2330 2111 2367 οὐκ

197 2391 299 2430 Eum.
332 2405 422 2441 915.
451 2419 502 2423 --
532 2399 762 2445 δίζημαι
791 2400 919 2449 Suppl.
951 2404 1039 2438 821.
1070 2424 1120 2428 -—
1158 2404 1329 2449 ζητέιυ
1365 2404 1419 2439 Pr.
1461 2405 1547 2447 776.
1586 2426 1637 2429 -—
1669 2404 1861 2449 ἱμείρω
1889 2401 1993 2438 Pers.
2026 2413 2111 2448 233.

196 2486 248 2492 —
278 2467 482 2513 μάομαι
509 2466 605 2504 Cho.
638 2479 728 2514 441.
759 2492 796 2495 —
836 2471 1013 2518 χρῄζω
1042 2471 1146 2521 quod
1174 2471 1247 2507 vim
1278 2471 1449 2519 cupiendi
1478 2485 1569 2519 prae
1599 2485 1641 2508 se
1669 2471 1741 2507 fert
1769 2478 1807 2506 et
1833 2471 1933 2518 apud
1960 2479 2111 2519 poetam

193 2545 356 2574 nostrum
393 2536 670 2574 usitatissimum
709 2547 778 2578 est.
813 2538 911 2576 velut
948 2541 1072 2578 sexies
1109 2540 1142 2577 in
1180 2554 1253 2577 una
1283 2540 1405 2578 fabula
1433 2540 1645 2578 Promethei
1673 2539 1871 2589 reperitur:
1903 2552 1989 2587 233.
2025 2552 2109 2587 244.

340 2702 365 2745 9)
391 2703 425 2734 In
452 2703 642 2744 fragmentis
668 2704 874 2736 numerandis
899 2705 1046 2737 Dindorfi
1072 2706 1173 2738 secuti
1198 2717 1310 2737 sumus
1336 2707 1513 2738 editionem
1538 2705 1773 2738 Oxoniensem.
