2285 2900
1098 107 1116 137 8

141 211 368 247 mutationes
396 209 476 246 illas
508 212 758 260 comprobem
787 225 846 248 me
877 211 1013 248 adduci
1044 224 1117 248 non
1146 225 1275 260 posse.
1335 211 1480 247 Etenim
1514 209 1687 260 exempla
1715 222 1842 247 earum
1870 209 2072 246 formarum

86 282 90 285 ’
142 280 328 319 desidero.
358 292 456 328 quae
488 294 612 329 neque
642 281 678 317 in
705 282 949 321 uberioribus.
979 294 1074 329 quos
1091 281 1236 329 inspexi
1251 281 1579 330 grammaticorum
1604 279 1705 317 libris
1721 292 1844 328 neque
1861 278 1963 328 apud
1983 278 2071 315 Din-

140 350 297 387 dorfium
326 350 569 388 inveniuntur.
630 350 745 399 Quod
772 365 855 388 cum
883 351 933 387 ita
963 351 1009 387 sit
1039 350 1087 387 ad
1110 350 1410 387 considerandos
1440 363 1646 399 pergamus
1675 363 1805 387 versus
1835 349 1939 398 ipsos
1968 346 2073 386 simul

142 433 223 456 cum
270 411 334 461 εἷς,
377 434 476 468 quae
522 421 581 457 alii
622 422 687 457 viri
731 422 835 458 docti
886 431 923 457 et
959 421 992 456 in
1037 420 1234 468 Aeschylo
1279 421 1565 469 interpretando
1601 419 1896 457 exercitatissimi
1928 418 1977 455 de
2019 418 2074 455 eis

141 489 398 525 iudicaverint.

305 572 344 608 In
373 587 487 610 versu
517 575 626 623 Sept.
664 585 761 620 1077
793 575 911 611 solum
942 575 1083 610 formae
1114 575 1367 621 cii-amanam(
1397 584 1435 611 et
1466 577 1760 621 κατακλυσθῆναι
1792 574 1900 610 nobis
1927 572 2076 609 tradun-

141 650 209 677 tur.
270 642 357 678 Hoc
387 643 497 692 igitur
524 644 614 681 loco
643 653 681 681 ut
712 654 786 681 tam
815 644 1000 680 mirificam
1042 644 1197 680 sormam
1230 645 1264 680 in
1301 653 1440 680 textum
1474 644 1699 692 recipiamus
1729 642 1807 679 fieri
1836 641 1933 679 nullo
1961 650 2075 690 pacto

142 719 282 759 potest,
343 712 473 759 Quare
505 714 554 750 ab
583 714 800 751 Hermanno
829 722 867 750 et
897 711 1130 760 Ritscheliossg.
1164 713 1213 749 ita
1240 726 1372 749 versus
1402 713 1628 748 constitutos
1655 711 1830 761 legimus:

305 798 399 842 μετὰ
429 798 498 845 γὰρ
525 799 688 845 μάκαρας
717 801 774 833 καὶ
820 798 905 839 Διὸς
944 798 1046 842 ἰσχύν
1072 797 1076 846 Ι
1103 797 1163 832 ὅδε
1201 799 1393 843 Καὸμείων
1440 796 1550 843 ἤρυξε
1586 797 1693 832 πόλιν
1719 797 1723 847 Ι
1748 798 1797 843 μὴ
1825 796 2079 844 ἀνατραπῆναι

140 866 223 912 μηδ’
253 865 475 903 ἀλλοδαπῶν
502 867 506 918 Ι
532 868 664 914 κύματι
693 871 833 913 φωτῶν
859 866 863 916 Ι
889 869 1183 913 κατακλυσθῆναι
1220 867 1264 902 τὰ
1298 866 1463 913 μάλιστα.
1522 864 1740 902 Dindorfius
1778 877 1869 901 vero
1906 873 1982 901 tres
2018 863 2079 912 qui

142 943 227 970 sunt
256 936 413 972 extremi
444 950 578 972 versus
606 937 701 972 hunc
732 937 767 972 in
796 936 945 972 modum
975 937 1107 972 edidit:

308 1004 590 1053 μάνατραπῆναι
619 1006 699 1053 μηδ’
728 1005 948 1042 ἀλλοδαπῶν
972 1005 976 1053 Ι
1001 1006 1133 1052 κύματι
1164 1009 1304 1051 φωτῶν
1333 1007 1598 1052 κατακλυσθῆν.

315 1089 368 1125 At
396 1090 512 1125 verba
541 1090 585 1125 τὰ
613 1090 768 1135 μάλιστα
797 1090 831 1125 in
861 1090 1032 1126 omnibus
1061 1088 1161 1126 libris
1183 1097 1333 1126 exstant
1362 1103 1487 1138 neque
1516 1089 1641 1125 otiosa
1669 1102 1756 1125 esse
1786 1088 1870 1124 mihi
1898 1088 2077 1129 videntur,

145 1158 289 1205 quippe
318 1158 453 1206 quibus
484 1158 662 1195 Eteocles
694 1157 790 1209 (ὅδε)
818 1159 919 1195 haud
947 1159 1129 1195 immerita
1159 1157 1270 1196 laude
1300 1159 1486 1196 efferatur.

313 1241 523 1278 Dilucidum
555 1255 644 1278 vero
677 1252 734 1278 est
766 1242 997 1278 Dindorfium
1033 1243 1081 1278 ad
1115 1242 1213 1279 illam
1244 1242 1443 1279 lectionem
1481 1242 1683 1278 adductum
1714 1256 1800 1278 esse
1830 1243 2014 1278 mendosa
2044 1241 2079 1277 in

143 1311 263 1358 primo
292 1311 525 1347 hemichorio
552 1325 723 1347 versuum
755 1312 957 1359 paucitate,
986 1312 1034 1347 de
1072 1325 1146 1360 qua
1181 1312 1417 1348 Hermannus
1447 1312 1483 1347 in
1511 1321 1602 1348 nota
1637 1312 1758 1347 versui
1795 1314 1894 1358 1056
1924 1310 2079 1359 adjecta

145 1379 219 1416 hoc
249 1380 354 1417 dicit:
388 1382 645 1429 »comparatio
675 1382 824 1417 alterius
855 1381 1072 1428 systematis
1101 1381 1267 1417 ostendit
1296 1380 1486 1417 dimidium
1516 1393 1668 1417 versum
1698 1380 1919 1417 excidisse«
1966 1379 2079 1426 Quod

144 1450 256 1498 igitur
283 1451 408 1487 vitium
437 1460 475 1487 ut
503 1460 647 1487 curaret
678 1451 905 1490 Dindorfius.
945 1451 1122 1487 extremis
1157 1449 1310 1498 syllabis
1344 1451 1460 1487 tribus
1496 1451 1656 1489 omissis.
1699 1450 1817 1486 verba
1852 1450 1976 1486 κοινὸν
2006 1449 2080 1485 τόδ’

143 1518 229 1565 ἄχος
259 1524 316 1555 καὶ
346 1521 451 1563 πόλις
497 1520 616 1563 ἄλλως
651 1521 685 1556 in
719 1535 828 1556 unum
863 1535 1014 1557 versum
1052 1521 1232 1557 contraxit
1264 1521 1430 1568 itemque
1471 1520 1601 1567 κῦματι
1638 1524 1778 1566 φωτῶν
1814 1522 2079 1568 κατακλυσθῆν.

144 1588 221 1625 Iam
250 1603 345 1625 vero
375 1603 508 1626 omnes
540 1589 615 1626 libri
646 1604 725 1626 curn
756 1591 799 1626 τὰ
827 1591 984 1637 μάλιστα
1021 1599 1057 1625 et
1106 1590 1317 1626 infinitivum
1356 1590 1527 1625 usitatum
1555 1590 1774 1638 praebeant.
1804 1589 1875 1625 alia
1903 1590 2078 1638 profecto

142 1658 202 1693 via
233 1658 282 1694 ad
312 1658 437 1694 locum
468 1660 671 1694 sanandum
706 1660 951 1706 ingredienda
987 1660 1068 1697 erit.
1106 1672 1203 1706 quac
1239 1660 1389 1706 quidem
1425 1660 1472 1695 ab
1512 1659 1728 1695 Hermanno
1763 1659 1799 1695 in
1836 1659 2078 1696 annotatione

145 1727 195 1762 ad
226 1741 257 1763 v.
294 1730 393 1773 1056
422 1727 617 1763 indicatur:
651 1728 821 1763 »videtur
850 1737 971 1764 autem
1003 1729 1186 1764 excidisse
1224 1732 1266 1773 τῇ
1290 1730 1483 1774 Καὸμείων
1512 1727 1586 1766 vel.
1616 1737 1654 1764 ut
1685 1728 1910 1765 Ritschelius
1938 1728 2078 1765 Sched.

145 1796 222 1833 crit.
253 1810 286 1845 p.
325 1807 382 1843 15.
414 1810 470 1845 sq.
501 1797 659 1833 coniecit
688 1800 730 1843 τῇ
762 1799 1017 1845 Kocdyoyerml«

317 1880 403 1915 Hoc
432 1893 522 1915 vero
550 1879 632 1915 luce
661 1881 791 1915 clarius
819 1881 965 1916 ridetur
1008 1895 1104 1920 esse,
1148 1882 1328 1917 eiusmodi
1373 1882 1458 1917 loco
1502 1891 1541 1918 ut
1570 1882 1768 1929 Aeschylo
1811 1883 1970 1919 formam
2004 1891 2078 1919 tam

147 1950 352 1987 inauditam
395 1958 434 1986 et
476 1963 610 1986 novam
652 1950 826 1987 attribuat
870 1949 1002 1999 impelli
1048 1950 1231 1987 (editorem
1275 1964 1348 1987 non
1391 1951 1545 1990 debere,
1589 1951 1655 1987 nisi
1700 1951 1796 1987 forte
1845 1950 1917 1987 alia
1973 1963 2065 1999 argu

147 2028 273 2057 menta
303 2019 495 2055 accedant.

316 2102 637 2152 Contemplandus
665 2105 773 2151 igitur
802 2107 896 2141 alter
925 2107 1027 2141 locus
1057 2113 1115 2141 est
1142 2104 1271 2153 Suppl.
1305 2107 1391 2150 788.
1452 2105 1541 2151 Quo
1570 2106 1603 2141 in
1633 2104 1721 2141 loco
1750 2103 1977 2152 syllabarum
2006 2104 2077 2141 dis—

153 2174 332 2212 sensione
363 2182 402 2210 ut
432 2172 569 2221 aliquid
598 2187 776 2210 novemus
806 2187 880 2210 non
912 2175 1090 2221 cogimur.
1151 2174 1296 2210 Dixerit
1333 2182 1456 2210 autem
1493 2174 1624 2222 aliquis
1657 2186 1809 2209 causam
1841 2173 2003 2210 novandi
2029 2174 2077 2209 in-

146 2259 234 2281 esse
264 2245 298 2280 in
328 2257 402 2279 uno
434 2243 570 2278 codice
604 2247 649 2279 M.
680 2244 740 2292 qui
770 2245 974 2292 praebeat:
1005 2243 1089 2290 τῷδ’
1121 2245 1323 2290 ἑχριμῳὲὶῆι·
1359 2248 1480 2290 Χροῐι’.
1538 2243 1616 2280 Sed
1646 2244 1680 2279 in
1716 2244 1787 2279 hac
1819 2251 1901 2280 tota
1929 2241 2079 2279 fabulae

145 2323 252 2362 parte
283 2312 344 2349 illo
375 2313 468 2349 libro
497 2313 683 2348 absurdae
711 2322 822 2360 atque
857 2314 1009 2361 ineptae
1038 2312 1221 2349 lectiones
1250 2312 1451 2351 traduntnr.
1481 2313 1517 2348 id
1546 2314 1650 2361 quod
1678 2326 1725 2348 ex
1753 2313 1850 2348 notis
1872 2312 2077 2348 Hermanni

146 2384 236 2419 satis
266 2395 457 2431 superque
489 2380 622 2417 elucet.
681 2381 807 2427 Quare
838 2390 875 2417 ut
905 2380 1086 2429 permulta
1121 2394 1218 2429 quae
1255 2389 1433 2429 corrupta
1469 2390 1553 2417 sunt
1588 2382 1767 2417 sarcirent
1794 2381 1878 2417 nihil
1907 2382 2076 2429 inexper-

145 2462 220 2489 tum
249 2452 316 2488 viri
346 2451 447 2487 docti
480 2450 695 2486 omiserunt.
754 2450 840 2496 Quo
883 2451 916 2486 in
956 2460 1092 2486 conatu
1128 2450 1345 2485 Dindorsius
1378 2450 1508 2486 iterum
1543 2452 1589 2486 ad
1630 2451 1759 2487 miram
1792 2449 1888 2486 illam
1915 2449 2079 2487 infinitivi

291 2615 316 2656 ³)
365 2614 401 2645 In
426 2614 572 2645 editione
596 2613 725 2645 fabulae
751 2613 841 2655 Sept.
867 2614 941 2647 adv.
968 2614 1111 2645 Thebas.
1163 2612 1199 2645 ΙΙ.
1251 2612 1383 2654 Lipsiae
1413 2614 1504 2653 1875.
