2285 2900
1124 131 1141 165 7

165 235 388 273 carminibus
432 235 626 284 epicorum
667 234 782 272 modo
823 234 1058 284 compositis;
1108 247 1224 283 quare
1267 242 1394 271 certos
1439 232 1531 270 fines
1573 233 1828 283 terminosque
1870 243 1990 283 poeta
2029 235 2097 271 sibi

165 306 364 343 constituit.

327 374 491 417 Infinitivi
519 373 723 423 Aeschylei
752 375 895 411 formae
924 383 964 411 ut
997 382 1250 422 cognoscatur
1287 382 1429 422 quanto
1463 385 1579 421 opere
1611 385 1691 408 cum
1722 373 1856 410 Atticis
1886 384 2097 423 congruant

164 445 325 493 exempli
354 457 470 481 causa
498 443 694 481 nonnullos
714 444 913 481 infinitivos
933 443 1156 480 subiciemus
1182 456 1310 479 eorum
1343 452 1562 490 temporum.
1593 455 1748 490 quorum
1770 445 1868 491 apud
1892 445 2094 481 Homerum

165 514 385 564 multiplices
429 523 579 552 exstant
621 515 784 551 formae:
828 515 1039 560 ἐξοπλίζειν,
1084 512 1304 561 ἐνδακρύειν.
1347 535 1395 539 ——
1434 520 1706 559 ιιιητοοκτοιίεῐν,
1737 514 2012 562 θρασυστοιιιεῑν.
2042 539 2092 542 —

163 588 278 632 σιγᾶν,
306 589 430 621 συλᾶν.
459 608 510 612 —
539 588 684 631 μεσοῦν.
715 606 765 610 -
796 582 1009 631 πιμπράναι,
1037 582 1239 619 ἀνιστάναι.
1282 606 1332 609 -
1362 585 1579 630 περιβαλεῖν,
1615 587 1744 628 λαχεῖν.
1776 606 1825 610 —-
1856 588 2094 622 πεπτωκέναι,

163 654 348 691 τεθνάναι.
378 678 428 682 —
459 654 748 693 ἐκτολυπεύσειν,
781 652 1058 700 θεσπιῳδήσειν.
1103 675 1152 679 -
1183 657 1338 700 μιγῆναι.
1385 655 1512 689 θεῖναι.
1543 655 1680 695 δοῦναι,
1710 657 1824 698 φῦναι
1854 654 1947 704 (Ag.
1987 667 2093 701 1342.

163 723 220 760 Pr.
252 725 359 771 969).
390 746 440 750 ——

326 793 553 841 ἀντιωθῆναι
582 792 728 844 (Suppl.
762 791 867 843 389),
899 793 1072 838 μιχθῆναι
1104 791 1248 841 (Suppl.
1282 791 1386 842 295)y
1417 794 1626 837 ξενωθῆναι
1656 792 1769 839 (Cho.
1803 794 1906 840 702).
1936 796 2094 839 θρασυν-

163 865 272 909 θῆναι
303 863 451 912 (Suppl.
486 866 589 911 772).

326 931 463 968 Ubiubi
499 931 713 968 infinitivum
748 929 855 966 aliter
891 930 1166 966 conformatum
1195 931 1491 979 deprehenderis
1535 943 1609 966 non
1653 931 1764 966 abest
1806 932 1971 978 suspicio
2008 933 2092 978 quin

163 1001 284 1037 editor
313 1002 490 1037 erraverit
518 1014 642 1049 neque
659 1009 811 1048 poetae.
834 1001 902 1035 sed
925 1001 1079 1036 editoris
1100 1001 1283 1037 inventum
1305 1001 1433 1036 subsit.
1493 1001 1624 1036 Mirum
1647 1001 1682 1036 in
1704 1002 1852 1036 modum
1873 1001 1907 1037 in
1929 1000 2091 1037 editione

162 1071 208 1109 G.
240 1069 441 1120 Dindorfil)
473 1080 550 1108 tres
579 1068 652 1106 loci
680 1070 921 1118 reperiuntur.
952 1069 1013 1118 qui
1042 1067 1116 1116 legi
1153 1069 1268 1106 modo
1303 1070 1528 1106 constitutae
1562 1078 1786 1119 repugnant.
1846 1069 1902 1106 Ac
1940 1070 2093 1118 primum

161 1140 311 1189 quidem
345 1140 442 1176 duos
478 1140 677 1176 infinitivos
711 1153 788 1176 aor.
826 1141 838 1175 I
875 1154 975 1188 pass.
1011 1140 1111 1175 dico:
1137 1140 1239 1187 Sept.
1276 1151 1385 1184 1077,
1415 1141 1543 1187 Suppl.
1584 1141 1669 1184 788.
1700 1141 1832 1187 quibus
1860 1141 1894 1176 in
1922 1142 2093 1176 versibus

161 1211 367 1259 scripturae
399 1219 548 1247 exstant
586 1210 686 1259 apud
724 1209 956 1246 Dindorfium
997 1212 1262 1257 κατακλυσθῆν.
1292 1212 1492 1257 χριμφθῆν,
1531 1223 1613 1262 curn
1653 1223 1701 1245 ex
1735 1223 1792 1249 eo.
1822 1210 1924 1258 quod
1953 1210 2092 1248 dudum

160 1280 435 1328 praecepimus,
464 1280 500 1315 in
532 1294 613 1326 ηναι
641 1280 677 1315 hi
706 1279 868 1315 infinitivi
902 1279 1121 1314 terminandi
1156 1280 1234 1317 sint.
1275 1279 1311 1314 id
1348 1280 1449 1326 quod
1488 1293 1534 1313 ex
1563 1279 1801 1315 similitudine
1835 1293 1964 1315 eorum
1994 1294 2091 1327 quae

161 1349 461 1385 enumeravimus
491 1348 746 1398 exemplorum
778 1349 869 1386 satis
898 1357 1071 1397 apparet.

322 1417 401 1454 Sed
429 1417 513 1454 illae
543 1418 687 1454 formae
716 1426 857 1454 tantum
888 1419 996 1453 abest
1022 1426 1061 1452 ut
1089 1416 1327 1465 Aeschyleae
1363 1418 1444 1458 sint,
1475 1426 1512 1452 ut
1540 1418 1588 1453 ab
1617 1430 1690 1453 uno
1720 1418 1917 1454 Dind‹›rfio
1946 1419 1979 1454 in
2010 1428 2087 1454 tex-

160 1497 235 1524 tum
264 1488 388 1525 illatae
417 1489 488 1525 sint
515 1502 638 1537 neque
668 1488 703 1524 in
732 1487 805 1524 ulla
834 1487 905 1524 alia
936 1488 1101 1524 editione
1132 1486 1313 1535 legantur.

322 1557 433 1593 Pauci
471 1557 623 1593 omnino
660 1564 743 1592 sunt
778 1555 940 1592 infinitivi
976 1556 1038 1604 qui
1071 1556 1104 1591 in
1139 1570 1184 1602 ην
1227 1555 1408 1603 syllabam
1446 1566 1595 1592 exeant.
1660 1558 1706 1592 Et
1746 1558 1904 1593 maxime
1939 1560 2090 1605 quidem

158 1628 303 1664 Aeoliis
333 1628 505 1665 Lesbicis
535 1629 680 1676 placuit.
722 1628 783 1676 qui
819 1641 901 1664 eam
937 1627 1207 1664 terminationis
1242 1642 1295 1663 ειν
1327 1628 1413 1663 loco
1443 1637 1682 1675 usurparunt:
1718 1629 1916 1675 σνμφέρην,
1946 1627 2089 1676 ιὶρκέην.

160 1697 293 1746 Neque
334 1710 356 1734 a
392 1696 573 1734 nonnullis
614 1697 754 1734 Dorum
798 1697 974 1744 gentibus
1008 1696 1067 1732 hic
1104 1709 1190 1732 usus
1225 1695 1350 1734 abfuit.
1389 1696 1566 1744 quoniam
1601 1698 1701 1745 apud
1731 1698 1904 1733 Lacones
1934 1711 2089 1746 quoque

159 1769 331 1814 exempla
362 1775 522 1803 exstant.

321 1836 470 1873 Deinde
486 1836 519 1872 in
537 1836 683 1872 aoristis
705 1836 846 1884 passivi
868 1834 992 1872 Aeolii
1012 1836 1081 1871 hoc
1103 1835 1202 1871 exitu
1232 1835 1287 1871 usi
1311 1844 1412 1871 sunt:
1432 1835 1637 1883 μεθύσθην,
1673 1835 1863 1884 ὀμνάσθην
1899 1836 1948 1887 (μ
1998 1836 2088 1874 ἁνα-

158 1905 397 1958 μιήσθῆναι),
426 1905 592 1953 ὀντέθην,
622 1905 877 1952 στεφανώθην.

320 1976 435 2024 Apud
465 1976 668 2013 Homerum
702 1989 793 2012 vero
830 1975 922 2012 illius
954 1975 1114 2012 infinitivi
1148 1989 1195 2012 ne
1231 1975 1483 2012 tenuissimum
1519 1975 1670 2025 quidem
1702 1977 1912 2025 vestigium.
1976 1978 2022 2015 Et
2055 1976 2085 2015 si

156 2045 364 2093 praeterire
408 2044 588 2089 volumus,
634 2044 738 2094 quod
784 2043 869 2081 illud
915 2059 958 2092 ην
1000 2043 1145 2092 syllaba
1187 2044 1422 2081 circumflexa
1466 2058 1554 2081 esse
1598 2058 1671 2081 non
1714 2048 1819 2085 solet.
1863 2047 1899 2083 id
1928 2056 2084 2085 constat.

157 2113 390 2163 Aeschylum
423 2130 470 2152 ex
499 2116 659 2152 fontibus
688 2124 764 2151 tam
793 2115 949 2151 remotis
978 2126 1099 2150 voces
1130 2114 1346 2162 formasque
1377 2127 1453 2150 non
1481 2116 1679 2163 repetisse.
1735 2116 1948 2153 Dindorfius
1977 2117 2084 2154 lexici

157 2184 393 2233 Aeschylei2)
432 2186 500 2222 sub
538 2198 635 2222 voce
675 2185 891 2231 κατακλῦζω
927 2197 994 2220 nos
1029 2183 1076 2219 ad
1111 2198 1156 2220 ea
1191 2183 1349 2232 relegat,
1395 2198 1492 2233 quae
1521 2199 1550 2221 s.
1580 2199 1611 2221 v.
1638 2190 1805 2233 χρίλιιπτιο
1834 2186 2083 2223 adnotaverit.

157 2255 244 2301 Quo
275 2255 361 2292 loco
391 2265 520 2292 monet
548 2256 757 2293 infinitivum
786 2255 914 2292 aoristi
962 2268 1043 2291 curn
1080 2268 1256 2303 apocope
1289 2255 1363 2292 hoc
1402 2256 1437 2292 in
1467 2269 1581 2292 versu
1613 2257 1868 2305 accipiendum
1899 2272 2000 2299 esse:
2031 2258 2083 2295 sic

157 2325 253 2361 enim
282 2338 368 2361 sese
397 2326 606 2362 correxisse
641 2328 742 2375 quod
775 2326 810 2361 in
850 2329 888 2361 M
919 2325 1141 2361 inveniatur:
1176 2328 1261 2372 πρὶν
1296 2325 1381 2373 τῷδ’
1416 2328 1629 2373 ἐχριμφθῆν.
1711 2326 1901 2375 Simulque
1939 2327 1974 2363 id
2011 2341 2083 2364 nos

156 2395 347 2443 respicere
375 2396 487 2436 iubet.
516 2397 565 2432 de
595 2409 670 2444 quo
701 2396 821 2442 egerit
855 2409 881 2431 s.
919 2409 954 2431 ν.
981 2394 1087 2441 χρώς.
1145 2394 1223 2431 Sed
1260 2409 1306 2432 ne
1341 2395 1416 2431 hoc
1455 2395 1605 2444 quidem
1643 2394 1727 2432 loco
1761 2397 1843 2433 novi
1877 2397 2083 2446 quidquam

157 2462 325 2500 additum
355 2473 424 2502 est.
481 2464 666 2514 Equidem
696 2464 812 2501 libere.
843 2463 1023 2500 confiteor
1057 2464 1113 2500 his
1135 2458 1281 2504 ‘causis
1317 2478 1414 2512 quae
1448 2465 1571 2512 potius
1607 2478 1744 2501 causae
1775 2465 1894 2503 nullae
1923 2477 2016 2507 sunt,
2046 2477 2084 2504 ut

303 2604 325 2644 ¹)
373 2605 506 2646 Lipsiae
536 2608 629 2645 1874.
659 2607 758 2637 editio
784 2607 907 2647 quinta,
923 2617 964 2637 ex
990 2616 1055 2647 qua
1080 2616 1234 2637 numeros
1261 2606 1419 2647 locosque
1444 2607 1700 2639 numerabimus.

305 2667 328 2709 ἵ)
373 2666 522 2698 Lexicon
545 2666 784 2707 Aeschyleum,
811 2667 914 2698 edidit
938 2666 977 2698 G.
1002 2666 1201 2697 Dindorfius.
1227 2665 1360 2708 Lipsiae
1389 2667 1481 2707 1876.
