2285 2900
1106 100 1146 134 35

164 202 417 250 μύσαγμα
443 201 575 249 Suppl.
607 213 696 248 995.
728 225 778 229 —-
809 204 937 238 θεοῦ
964 203 1230 248 μέγιστον
1258 204 1432 249 δῶρον
1461 202 1535 249 Ag.
1566 211 1656 246 927.
1687 223 1739 227 —
1767 200 1902 248 πρὸς
1940 212 2088 246 γυναι-

165 287 186 308 κ
203 272 222 308 ό
238 286 257 315 ς
284 274 337 309 ἐσ
353 287 374 309 τ
390 286 401 308 ι
419 287 438 308 ν
466 272 539 320 Ag.
578 274 688 318 1636.
729 295 778 298 ——
814 286 840 308 π
854 287 877 308 α
893 286 913 320 ρ
929 286 948 308 ο
964 275 1009 317 ίχ
1025 286 1041 308 ε
1058 286 1078 307 τ
1093 286 1116 307 α
1132 286 1144 307 ι
1176 270 1251 320 Ag.
1288 273 1376 318 569.
1409 273 1618 319 παροίχεται
1655 269 1774 313 πόνος,
1808 272 2019 317 παροίχεται
2049 268 2087 302 δὲ

165 349 260 378 τοῖσι
285 343 354 389 μὲν
381 340 598 388 τεθνηκόσιν
625 340 667 376 τὸ
692 340 822 389 μήποτ’
851 337 959 384 αὖθις
984 339 1066 388 μηδ’
1095 339 1296 387 ἀναστῆναι
1325 328 1466 387 μέλειν;
1499 340 1650 387 mortuis
1671 352 1716 375 ne
1738 338 1914 387 surgendi
1936 337 2086 386 quidem

165 410 325 448 officium
359 410 463 447 cordi
498 419 557 446 est
590 433 641 437 —
680 423 761 446 cum
796 410 845 457 μή
882 410 1069 446 adiectum
1108 410 1155 446 sit
1190 418 1348 458 propter
1390 409 1605 457 negativam
1651 422 1747 457 quae
1781 408 1878 445 inest
1918 407 1955 444 in
1990 418 2086 443 voce

164 484 373 529 παροίχεται
398 479 604 516 notionem.
635 479 679 515 cf.
709 479 839 528 Enger
867 479 916 516 ad
944 492 975 515 V.
1010 490 1097 526 552.

328 562 402 610 Qui
444 561 571 610 reliqui
615 571 698 599 sunt
740 563 813 598 loci
842 562 1174 598 accusativum
1204 562 1340 598 articuli
1369 562 1557 598 exhibent:
1594 561 1767 608 τιμάω
1794 560 1923 608 Suppl.
1974 572 2085 606 1013.

168 634 303 680 (τιμάω
329 633 405 669 hoc
433 645 505 668 uno
540 630 635 674 loco,
674 631 757 669 alibi
786 634 892 677 σε’βω,
920 634 1060 680 προτίιο
1100 630 1148 667 ad
1181 632 1272 668 hanc
1306 631 1529 669 sententiam
1557 629 1837 680 significandam
1868 628 2084 681 adhibetur)

165 700 534 748 --φάρμακον
562 702 632 748 ἔχει)
662 701 735 748 Ag.
767 703 855 747 548.
885 724 935 727 --
964 704 1172 748 προτίω
1200 700 1273 748 Ag.
1315 702 1401 745 788,
1437 722 1485 726 -w
1516 702 1652 743 σε’βω
1680 699 1785 735 Eum.
1822 709 1905 744 749.
1937 721 1983 725 -—
2016 701 2085 734 ἐκ-

163 769 502 818 βάζομαιΑξ.
546 771 1077 818 498,--ἐκμαρτυρε’ω
1110 768 1184 817 Ag.
1234 772 1341 815 1196.
1392 792 1441 795 —
1484 768 1718 816 τλάομαι
1762 767 1834 817 Ag.
1887 778 1998 812 1290.
2036 790 2083 793 —

164 839 449 887 γιγνώσκω
478 838 553 889 Ag.
590 850 700 886 1425.
731 862 783 865 —
810 839 910 875 οἶδα
938 838 1044 875 Eum.
1079 840 1139 885 85.
1169 861 1219 865 „-
1246 838 1506 886 μανθάνω
1536 839 1641 874 Eum.
1673 840 1732 873 86.
1764 861 1814 864 —
1843 837 2084 884 ἀνέχομαι

167 908 270 946 Eum.
300 921 389 956 915.

327 993 632 1040 Praepositiones
663 1002 789 1029 autem
818 993 912 1028 duas
941 1000 1027 1028 ante
1057 992 1215 1028 infinitivi
1246 994 1497 1029 accusativum
1529 993 1756 1041 reperimus:

328 1062 458 1109 πρός
486 1062 578 1098 Cho.
611 1072 699 1108 417.
730 1063 820 1110 πρὸς
848 1062 890 1097 τὸ
917 1064 1114 1108 φανεῖσθαί
1140 1077 1200 1109 μοι
1230 1066 1358 1105 καλῶς.

327 1145 390 1167 πα
407 1131 464 1179 ρά
495 1131 587 1167 Cho.
610 1142 686 1177 959
717 1134 903 1180 κρατεῖταί
928 1145 1008 1173 πως
1035 1131 1076 1166 τὸ
1105 1133 1203 1167 θεῖον
1231 1132 1327 1180 παρὰ
1357 1132 1397 1167 τὸ
1426 1131 1475 1178 μὴ
1505 1129 1699 1178 ὑπουργεῖν
1728 1139 1859 1173 κακοῖς.
1908 1130 2083 1166 Attamen

166 1201 261 1237 hanc
292 1208 513 1237 structuram
541 1200 621 1237 veri
651 1199 825 1237 dissimile
856 1213 934 1236 non
963 1209 1023 1236 est
1052 1214 1098 1236 ex
1126 1199 1355 1250 glossemate
1386 1201 1419 1237 in
1449 1208 1589 1237 textum
1618 1200 1830 1248 irrepsisse.

328 1284 564 1320 Immanentis
593 1284 734 1320 obiecti
766 1284 826 1333 qui
857 1298 879 1320 a
908 1284 1161 1332 grammaticis
1192 1285 1319 1321 dicitur
1348 1285 1580 1321 accusativus
1610 1297 1632 1320 a
1663 1284 1800 1320 ceteris
1822 1284 1950 1332 poetis
1970 1283 2082 1319 sceni-

164 1354 217 1390 cis
248 1353 400 1402 saepius
429 1353 583 1389 articulo
611 1361 650 1389 et
678 1352 851 1389 infinitivo
867 1353 1092 1402 significatur
1119 1353 1217 1390 velut
1245 1368 1266 1390 a
1293 1354 1483 1403 Sophocle
1515 1354 1562 1391 O.
1593 1354 1637 1390 R.
1676 1356 1787 1399 1416,
1820 1352 1910 1390 Ant.
1942 1363 2001 1398 71,
2035 1354 2082 1389 ab

165 1424 251 1460 Eur.
282 1423 375 1460 Hec.
410 1427 498 1470 356.
559 1423 620 1459 Ab
650 1422 846 1471 Aeschylo
887 1422 1007 1460 semel
1036 1423 1129 1460 hunc
1158 1424 1193 1460 in
1221 1425 1371 1461 modum
1402 1423 1594 1460 infinitivus
1630 1430 1830 1471 usurpatus
1860 1430 1936 1459 est:
1977 1423 2080 1459 Eum.

166 1495 213 1539 65
225 1505 253 1535 2,
284 1492 345 1528 ubi
374 1492 565 1529 Furiarum
595 1492 731 1529 chorus
761 1492 818 1529 his
846 1493 971 1529 verbis
1001 1493 1035 1529 in
1061 1492 1272 1542 Apollinem
1301 1477 1502 1529 invehitur:
1530 1497 1609 1535 πῶς
1635 1493 1704 1540 γὰρ
1737 1492 1778 1528 τὸ
1805 1491 1958 1539 φεύγειν
1986 1492 2082 1528 τοῦδ’

166 1561 367 1611 ὑπερδικεῖς
394 1559 461 1610 ὅρα
488 1562 573 1599 vide
604 1562 802 1611 quomodo
833 1564 936 1611 quod
965 1563 1013 1599 ad
1044 1563 1262 1600 evasionem
1291 1552 1426 1600 attinet
1453 1563 1549 1599 hunc
1579 1562 1776 1599 defendas.

328 1645 495 1694 Itemque
527 1645 569 1682 iis
598 1645 689 1682 locis
720 1646 971 1682 accusativum
1005 1646 1198 1692 habemus,
1236 1647 1369 1695 quibus
1404 1647 1493 1694 quid
1529 1660 1575 1682 ex
1610 1645 1793 1682 sententia
1832 1645 2081 1682 antecedente

163 1724 418 1764 consequatur
447 1714 641 1751 vocabulis
672 1715 713 1751 τὸ
741 1715 791 1762 μή
819 1724 857 1751 et
884 1716 1061 1752 infinitivo
1092 1717 1297 1764 exponitur.
1353 1716 1459 1752 Hanc
1490 1717 1587 1752 enim
1618 1724 1839 1752 structuram
1867 1714 1939 1751 iam
1969 1727 2082 1763 supra

163 1784 357 1821 docuimus
391 1784 602 1833 promiscue
640 1797 709 1832 pro
751 1784 851 1820 nudo
886 1784 1058 1821 infinitivo
1097 1785 1350 1833 epexegetico
1385 1785 1461 1821 sive
1498 1798 1568 1833 pro
1604 1783 1665 1828 (ὃς,
1699 1782 1794 1820 (ὅστε
1829 1792 1868 1820 et
1906 1784 2080 1820 infinitivo

163 1853 332 1902 usurpari
371 1853 414 1889 cf.
448 1852 495 1889 A.
533 1853 712 1888 Matthiae
742 1855 764 1901 ξ
804 1864 896 1899 543:
944 1853 1002 1888 »in
1037 1853 1132 1890 allen
1167 1854 1298 1890 diesen
1335 1853 1462 1890 Fallen
1496 1854 1634 1890 konnte
1673 1853 1765 1890 auch
1801 1851 1896 1889 ὥστε
1923 1861 2013 1889 statt
2042 1854 2084 1890 τό

162 1923 305 1960 stehen.
319 1940 330 1956 α
348 1924 389 1971 ¹²)

326 2007 382 2044 Pr.
417 2009 490 2053 236
520 2005 744 2053 ἐξελυσάμην
770 2006 924 2055 βροτοὺ,Ί
953 2007 994 2042 τὸ
1020 2007 1070 2054 μὴ
1099 2009 1399 2056 διαρραισθέντας
1438 2010 1488 2051 εἰς
1516 2007 1628 2044 Zizaim>
1655 2011 1780 2055 μολεῖν
1818 2008 1964 2043 servavi
2000 2020 2077 2055 ego

377 2077 550 2113 homines
581 2090 627 2112 ne
665 2076 738 2113 iam
771 2077 821 2113 ad
849 2076 989 2113 inferos
1019 2076 1263 2113 descendant.

324 2147 412 2184 Ibid.
445 2148 520 2183 866
550 2149 635 2193 μίαν
672 2147 710 2181 δὲ
741 2147 883 2182 παίδων
919 2147 1041 2195 ἵμερος
1079 2148 1197 2192 θέλξει
1234 2146 1275 2182 τὸ
1306 2146 1355 2193 μὴ
1389 2155 1526 2182 κτεῖναι
1560 2146 1743 2182 σύνευνον
1781 2160 1888 2183 unam
1929 2145 2082 2184 filiarum

379 2216 605 2253 desiderium
635 2214 883 2263 permulcebit
911 2229 957 2252 ne
987 2216 1186 2265 coniugem
1215 2216 1419 2253 interficiat.

325 2287 424 2323 Pers.
459 2297 527 2332 291
563 2283 779 2333 ὑπερβάλλει
806 2285 873 2333 γὰρ
902 2282 964 2332 ἥδε
991 2285 1161 2334 συμφορὰ
1191 2285 1232 2321 τὸ
1258 2285 1350 2332 μήτε
1378 2287 1477 2330 λέξαι
1504 2284 1585 2331 ¹wyt'
1620 2286 1801 2332 ἐρωτῆσαι
1834 2286 1936 2333 πάθη
1973 2286 2085 2323 nimia

377 2365 437 2392 est
465 2355 559 2392 enim
586 2354 680 2391 haec
710 2353 912 2399 calamitas,
943 2362 982 2391 ut
1008 2368 1133 2404 neque
1155 2355 1294 2392 narrari
1315 2368 1439 2404 neque
1458 2354 1744 2403 percontatione
1767 2355 1923 2404 reperiri
1951 2356 2082 2405 possit.

324 2424 397 2475 Ag.
435 2435 477 2472 15
509 2423 623 2470 φόβος
651 2432 876 2472 παραστατεῖ
900 2424 941 2459 τὸ
969 2424 1018 2471 μὴ
1048 2427 1202 2468 βεβαίως
1228 2427 1391 2473 βλέφαρα
1419 2427 1615 2471 συμβαλεῖν
1646 2421 1758 2472 ὕπνῳ,
1787 2425 1920 2473 quibus
1957 2426 2081 2463 verbis

296 2577 334 2621 ¹²)
382 2578 423 2611 A.
450 2576 620 2618 Matthiae,
646 2580 863 2612 ausftihrliche
887 2580 1089 2622 griechische
1110 2579 1327 2615 Grammatik.
1376 2581 1426 2615 ed.
1453 2581 1506 2613 111.
1534 2581 1624 2624 Lips.
1655 2582 1749 2621 1835.

1839 2644 1873 2679 5*
