2285 2900
1102 148 1145 179 42

821 252 846 300 ἓ
876 251 912 288 3.
942 251 1002 288 De
1028 251 1226 287 infinitivo
1255 251 1433 297 perfecti.

328 350 541 386 Perfectum
572 350 825 386 conditionem
855 348 1050 396 significat,
1082 362 1180 397 quae
1210 358 1413 397 postquam
1447 361 1494 385 ea
1524 349 1698 385 confecta
1728 356 1787 385 est
1815 347 1914 385 actio
1944 347 2084 385 evadat

167 431 263 466 quae
306 419 423 466 stirpe
467 420 526 454 vel
563 418 662 455 nuda
696 417 837 454 verbali
869 419 926 454 vel
962 418 1173 465 praesentis
1213 418 1440 466 exprimitur.
1504 418 1589 454 Hoc
1623 417 1718 454 enim
1750 418 1882 455 nemini
1915 417 2082 465 ignotum

166 500 253 524 csse
283 487 433 523 confido
461 487 652 536 praeteriti
679 486 859 535 temporis
888 499 932 522 ne
962 486 1192 522 levissimum
1225 488 1375 535 quidem
1408 487 1602 536 vestigium
1644 487 1726 523 huic
1754 487 1896 524 formae
1924 487 2082 524 subesse

165 565 204 592 et
230 557 339 592 valde
370 569 458 591 esse
489 557 695 591 cavendum
732 569 778 591 ne
813 569 894 590 cum
923 555 1042 591 Latini
1070 556 1228 603 perfecti
1260 557 1294 593 vi
1326 570 1369 593 ac
1399 557 1669 605 significatione
1697 547 1955 594 confundatur.
1977 551 2079 593 N*Ita-

165 638 240 673 que
272 625 467 661 cuiuslibet
496 624 700 673 perfectum
730 624 836 660 verbi
865 623 1006 671 optime
1038 624 1151 661 facies
1182 626 1211 661 si
1241 625 1327 661 novi
1352 625 1453 661 verbi
1479 633 1681 673 praesente
1703 623 1945 669 transtuleris,
1967 637 2084 673 quare

166 694 396 731 Forssmann
425 695 445 730 l.
482 693 503 731 l.
542 707 577 742 p.
623 706 666 730 10
702 694 737 729 in
781 692 959 741 exemplis
994 706 1014 729 e
1051 694 1273 742 Thucydide
1318 694 1538 743 colligendis
1582 703 1754 742 tempora
1796 693 2006 742 praesentis
2046 702 2086 730 et

165 765 322 813 perfecti
363 765 573 813 prorniscue
617 764 842 800 enumeravit
883 772 921 799 et
959 762 1079 800 forma
1114 765 1241 807 solum,
1280 777 1352 800 non
1387 764 1532 812 syntaxi
1571 764 1742 800 distinxit.
1801 763 1943 800 Nostra
1987 763 2085 800 enim

165 846 301 870 novum
329 842 465 870 statum
494 833 702 869 etiamnunc
734 833 983 868 continuatum
1012 845 1057 869 ac
1087 833 1280 869 durantem
1309 846 1542 882 cognoscere
1583 834 1739 869 maxime
1778 833 1905 878 refert,
1943 841 1982 869 ut
2009 846 2086 869 πε-

164 904 349 939 πτωκέναι
378 902 478 939 idem
506 902 584 939 fere
615 902 661 938 sit
690 901 791 949 quod
819 903 968 937 κεῖσθαι.
1027 901 1156 950 Atque
1187 915 1271 938 eam
1311 910 1448 937 tantum
1484 902 1651 938 invenies
1690 901 1947 944 differentiam,
1980 901 2084 950 quod

165 958 339 1020 perfecto
369 985 482 1020 quem
510 972 558 1007 ad
587 971 735 1006 modum
771 970 934 1006 conditio
973 983 1157 1017 praesens
1193 972 1293 1007 facta
1330 971 1375 1006 sit
1408 970 1513 1006 simul
1548 971 1741 1013 indicatur,
1776 979 1814 1007 ut
1848 970 1942 1007 duas
1979 970 2087 1019 quasi
2125 966 2127 969 ¹

166 1041 200 1077 in
230 1054 303 1077 uno
333 1041 449 1077 verbo
479 1041 649 1077 notiones
682 1040 903 1076 intueamur:
932 1043 1080 1076 πίπτειν
1120 1048 1158 1077 et
1193 1042 1341 1083 κεῖσθαι,
1377 1053 1457 1077 cum
1493 1040 1527 1076 in
1561 1042 1702 1076 κεῖσθαι
1738 1038 1798 1076 illa
1834 1039 1995 1076 cadendi
2031 1039 2088 1076 vis

166 1122 321 1157 prorsus
351 1109 525 1157 neglecta
554 1109 608 1144 sit.
642 1108 862 1144 Tenendum
890 1108 1041 1156 quidem
1071 1118 1128 1145 est
1158 1123 1203 1146 ne
1234 1110 1406 1146 Graecos
1436 1109 1586 1157 quidem
1616 1109 1785 1145 homines
1814 1122 1965 1157 semper
1990 1109 2087 1145 hanc

166 1179 326 1226 perfecti
356 1188 523 1215 naturam
553 1165 735 1227 integram
765 1191 950 1221 servasse,
983 1179 1053 1214 sed
1083 1191 1186 1215 usum
1216 1177 1459 1227 principalem
1489 1191 1531 1214 ac
1564 1178 1764 1226 genuinum
1793 1177 1879 1214 inde
1908 1191 1930 1214 a
1959 1177 2084 1214 Xeno-

167 1247 311 1295 phonte
348 1247 529 1284 laxiorem
570 1247 647 1283 fieri
690 1248 734 1283 cs.
774 1247 937 1283 Curtium
979 1247 1015 1283 in
1059 1247 1138 1283 libri
1181 1248 1412 1296 grammatici
1458 1247 1776 1295 explanationibus
1812 1246 1857 1295 p.
1900 1249 1969 1283 182
2009 1255 2086 1284 not.

167 1315 349 1365 Aeschyli
382 1317 491 1366 igitur
522 1325 648 1352 aetate
684 1316 866 1352 eiusmodi
902 1316 1122 1364 depravatio
1159 1316 1320 1352 nondum
1355 1316 1515 1352 cernitur
1547 1329 1590 1352 ac
1631 1316 1871 1364 conspicitur,
1908 1315 1946 1352 id
1981 1316 2086 1364 quod

166 1386 346 1433 peculiari
377 1386 638 1421 dissertatione
670 1386 942 1421 demonstravit
970 1386 1096 1421 Brock
1108 1385 1144 1431 ²),
1175 1386 1235 1433 qui
1264 1386 1310 1421 de
1342 1386 1511 1421 universa
1541 1385 1696 1433 perfecti
1722 1385 1870 1433 syntaxi
1899 1384 2085 1424 disseruit.

167 1454 364 1491 Infinitivos
395 1467 469 1503 ego
498 1454 626 1502 viginti
656 1454 775 1490 inveni
805 1463 867 1490 aut
909 1454 1153 1501 undeviginti,
1184 1467 1263 1490 cum
1296 1455 1342 1490 ab
1372 1467 1443 1489 uno
1472 1454 1559 1490 loco
1590 1455 1827 1493 discesseris:
1868 1454 1972 1503 frgm.
2010 1465 2081 1500 395

168 1524 210 1559 τὸ
238 1525 287 1571 μὴ
317 1526 483 1570 γενέσθαι
513 1523 642 1559 δ’ἐστὶν
673 1522 693 1569 ἢ
722 1525 922 1569 πεφυκέναι
951 1532 1119 1571 κρεῖσσον·
1148 1528 1267 1566 κακῶς
1293 1523 1487 1569 πάσχοιτα,
1517 1524 1621 1572 quod
1642 1523 1809 1572 Euripidi
1830 1523 1954 1572 potius
1975 1535 2086 1572 quam

168 1592 364 1639 Aeschylo
396 1593 609 1628 Dindorfms
641 1602 771 1628 censet
800 1593 1036 1628 tribuendum
1068 1606 1165 1629 esse.
1224 1593 1269 1628 Et
1306 1592 1389 1628 mihi
1425 1606 1575 1641 quoque
1606 1593 1703 1643 haec
1742 1592 1867 1641 opinio
1897 1604 2084 1628 commen-

168 1661 295 1697 danda
327 1662 474 1697 videtur
510 1671 667 1709 propter
701 1662 925 1697 sententiam
957 1662 1143 1709 Euripidis
1164 1662 1313 1708 ingenio
1345 1661 1453 1709 plane
1490 1674 1694 1710 congruam
1729 1662 1775 1698 cf.
1813 1661 1917 1709 frgm.
1958 1661 2081 1709 Eurip.

168 1728 295 1777 599³).
353 1730 550 1766 Tredecim
581 1739 705 1766 autern
736 1730 903 1765 diversas
933 1730 1071 1765 formas
1100 1729 1166 1765 illis
1194 1731 1283 1766 locis
1313 1730 1544 1777 collegimus,
1576 1743 1673 1778 quae
1704 1739 1789 1766 sunt
1817 1730 1907 1766 hae:

328 1816 675 1849 πεπτωκέναι
705 1814 810 1861 Sept.
843 1819 930 1859 402.
963 1814 1056 1850 Cho.
1092 1816 1176 1860 263.
1205 1813 1226 1849 i.
1257 1827 1287 1849 e.
1318 1816 1456 1849 κεῖσθαι
1484 1813 1669 1849 cecidisse
1700 1821 1738 1849 et
1765 1813 1898 1850 iacere.

329 1898 351 1929 η
370 1880 424 1931 ὖρ
442 1887 498 1930 ῆσ
516 1885 600 1919 θαι
632 1884 732 1920 Pers.
766 1895 838 1930 743
880 1884 899 1920 i.
930 1897 962 1920 e.
990 1891 1158 1931 παρεῖναι
1190 1883 1295 1932 (ἔοικε
1329 1887 1450 1919 κακῶν
1478 1883 1588 1932 πηγή)
1618 1883 1785 1919 inventus
1815 1896 1900 1919 esse
1930 1890 1969 1918 et
1998 1895 2081 1930 pro-

166 1960 267 1988 stare
300 1952 380 1987 sons
409 1952 559 1988 videtur.

329 2050 355 2070 π
371 2050 387 2070 ε
402 2049 427 2070 :t
443 2050 461 2070 ο
477 2051 497 2082 Q
514 2038 536 2070 ἕ]
553 2040 573 2082 ἡ
589 2048 609 2070 σ
627 2039 649 2071 1‘}
664 2051 686 2071 cc
706 2051 715 2070 ι
744 2036 818 2084 Ag.
852 2048 922 2082 591
958 2037 977 2073 i.
1010 2051 1043 2072 c.
1073 2039 1350 2083 πεπορθημώυν
1378 2040 1516 2073 κεῖσθαι
1545 2045 1730 2074 vastatum
1759 2036 1891 2073 iacere.

329 2118 352 2151 μ
371 2118 424 2151 εμ
444 2119 462 2140 1·
479 2108 499 2151 ἦ
515 2117 536 2140 σ
554 2107 639 2140 θαι
667 2106 766 2141 Pers.
800 2106 885 2152 287.
915 2104 1047 2153 Suppl.
1088 2117 1157 2151 205
1198 2105 1231 2140 in
1268 2107 1481 2142 memoriam
1516 2106 1584 2141 sibi
1620 2119 1824 2142 revocasse
1861 2117 2080 2141 memorem-

169 2187 243 2221 que
278 2186 378 2210 esse.

331 2269 352 2292 σ
369 2272 384 2292 ε
400 2269 419 2293 σ
437 2260 467 2292 (ἦ
484 2269 504 2292 a
522 2259 544 2293 ἶ)
559 2271 608 2293 αι
638 2258 737 2293 Pers.
772 2269 843 2305 737
878 2267 1063 2294 servatum
1094 2258 1242 2297 adesse,
1274 2258 1421 2294 tametsi
1449 2259 1538 2306 πρὸς
1569 2257 1716 2307 ἤπειρον
1737 2260 1847 2305 τήνδε
1870 2259 2084 2307 appositum

168 2335 236 2368 est,
267 2326 399 2374 quibus
430 2327 464 2361 in
494 2327 618 2363 verbis
650 2327 816 2363 relictum
847 2327 983 2375 aliquid
1012 2328 1182 2363 videmus
1213 2327 1291 2362 eius
1321 2328 1479 2364 actionis
1516 2330 1685 2376 (WPYSZV‘,
1713 2342 1760 2364 ex
1801 2342 1874 2377 qua
1909 2335 1992 2365 orta
2025 2335 2085 2365 est

170 2396 338 2432 conditio
369 2408 466 2443 quae
503 2396 613 2432 etiam
648 2409 745 2432 nunc
784 2405 922 2433 manet.
986 2398 1044 2432 »In
1080 2396 1178 2432 hanc
1218 2404 1355 2432 terram
1395 2397 1571 2445 effugisse
1610 2407 1648 2434 et
1686 2410 1781 2434 nunc
1818 2406 1935 2434 tutum
1970 2412 2078 2436 esse«

310 2540 333 2581 2)
380 2540 483 2582 Leop.
508 2540 624 2578 Brock,
650 2541 691 2573 dc
715 2541 849 2583 perfecti
874 2546 906 2573 et
930 2541 1104 2583 plusquam
1129 2540 1264 2583 perfecti
1291 2552 1347 2573 usu
1371 2541 1567 2584 Aeschyleo.
1593 2543 1678 2574 Diss.
1705 2542 1876 2576 Vratislav.
1908 2543 2000 2583 1865.

312 2600 335 2644 ὃ)
382 2601 494 2643 Eurip,
521 2602 570 2632 ed,
596 2601 637 2634 A.
663 2602 788 2633 Nauck.
816 2602 893 2643 Lps.
926 2603 1016 2641 1869.
1044 2607 1124 2636 tom,
1149 2602 1201 2635 111.
