2285 2900
1062 175 1105 206 34

114 274 229 322 Quod
261 274 410 322 quidem
444 288 568 324 genus
603 273 754 310 dicendi
801 273 976 310 conicere
1015 271 1140 309 licebit
1177 272 1386 321 profectum
1422 285 1511 310 esse
1553 272 1601 309 ab
1637 272 1861 310 ‹ea-articuli
1899 272 2054 318 ratione,

113 356 224 393 quam
254 342 303 380 ad
324 343 531 391 Odysseae
561 343 681 380 locum
712 343 969 392 exposuimus3
999 340 1172 378 articulus
1202 342 1297 378 enim
1328 354 1411 378 cum
1440 343 1562 390 magis
1584 343 1780 392 magisque
1802 343 1875 378 vim
1896 338 2046 379 demon-

116 413 310 450 strativam
351 413 520 450 abiceret
554 422 592 449 et
626 426 721 462 quas
757 420 893 461 postea
926 420 1030 448 tenet
1067 412 1168 448 vices
1206 412 1427 461 susciperet,
1466 412 1657 461 paullatim
1694 413 1805 450 etiam
1844 410 1930 448 illud
1966 420 2059 449 ante·

110 477 321 518 infinitivum
366 495 578 530 pronomen
623 482 956 519 demonstrativum
998 494 1067 529 pro
1112 482 1266 518 articulo
1307 482 1426 530 accipi
1471 490 1584 531 atque
1624 482 1817 518 infinitivus
1859 490 2050 535 tamquam

112 548 388 587 substantivum
406 551 666 587 indeclinabile
688 551 869 587 immutari
889 550 1037 586 casibus
1054 550 1216 587 solebat.
1250 552 1335 586 Hoc
1356 559 1459 587 certe
1482 551 1609 587 dicere
1631 550 1720 587 licet
1738 560 1829 599 post
1846 551 2051 587 Homerum

112 629 188 657 tam
217 620 436 669 frequenter
475 620 572 657 hanc
610 629 832 657 structuram
870 620 1039 669 usurpari
1075 628 1114 657 ut
1150 620 1432 670 praeparationi
1466 620 1603 668 ubique
1641 620 1833 657 articulum
1872 619 2052 656 inservire

111 688 264 724 stultum
293 698 399 725 esset
430 690 609 725 arbitrari.
669 689 815 735 Quodsi
849 689 910 735 qui
943 689 1124 736 Aeschyli
1155 703 1242 725 usus
1272 691 1318 726 sit
1357 690 1570 737 quaerimus
1602 690 1747 725 circiter
1776 689 2046 737 quinquaginta

111 756 206 794 locis
234 758 306 794 hoc
338 757 479 799 anticuli
507 771 627 807 genus
658 758 880 799 invenimus;
912 758 1066 806 negatio
1095 758 1130 794 in
1159 759 1286 807 viginti
1318 758 1432 794 tribus
1461 758 1630 794 versibus
1662 758 1812 794 adiecta
1843 766 1903 794 est
1924 770 2047 805 eaque

111 840 265 876 semper
294 827 367 874 μής
396 826 516 863 solum
545 827 770 863 vocabulum
801 826 843 862 οὐ
873 840 1055 874 nusquam
1084 828 1251 869 occurrit,
1281 828 1395 863 tribus
1427 836 1555 863 tamen
1584 826 1676 863 locis
1704 828 1754 874 μὴ
1783 827 1837 864 οὐ.

279 897 433 946 Iamque
472 911 553 934 cum
594 896 738 947 singula
777 897 955 945 persequi
991 897 1234 946 adgredimur
1271 897 1318 933 ab
1362 897 1403 933 iis
1441 897 1589 933 casibus
1623 897 1846 934 ordiendum
1893 896 2050 941 videtur,

110 967 173 1015 qui
203 967 350 1003 minime
379 980 498 1015 saepe
526 980 548 1002 a
580 976 696 1014 poeta
726 966 891 1014 usurpati
921 977 1018 1009 sunt,
1048 980 1070 1003 a
1100 967 1279 1014 genetivo
1308 975 1346 1002 et
1376 967 1506 1003 dativo
1537 980 1637 1004 casu.

278 1036 342 1072 Ge
354 1036 507 1072 netivi
539 1036 635 1072 enim
665 1036 738 1072 duo
767 1044 907 1072 tantum
939 1035 1114 1084 exempla
1142 1036 1265 1073 afferri
1296 1044 1470 1084 possunt:

278 1105 335 1141 Pr.
350 1107 419 1140 681
449 1113 537 1153 post
553 1105 704 1141 verbum
726 1104 748 1140 α’
764 1119 790 1140 ετ
806 1120 825 1140 ο
842 1117 862 1140 σ
879 1120 899 1140 τ
916 1119 931 1140 ε
949 1119 969 1152 ρ
986 1109 998 1140 ι’
1012 1118 1033 1140 σ
1049 1120 1069 1140 κ
1087 1120 1117 1140 (ο
1137 1104 1290 1154 legitur:
1309 1104 1582 1153 ἀπροσδόκητος
1598 1104 1743 1140 δἀὐτὸν
1759 1104 1927 1150 ἀφνίδιος
1940 1105 2050 1153 μόρος

111 1178 179 1210 τοῦ
208 1177 277 1221 ζῆν
311 1173 568 1222 ἀπεστέρησεν.

280 1244 353 1291 Ag.
392 1249 489 1290 1369
520 1257 541 1279 a
568 1257 662 1279 voce
693 1246 714 1277 δ’
730 1247 812 1289 ίχα
839 1244 1038 1292 genetivus
1061 1245 1223 1292 pendet:
1253 1245 1294 1280 τὸ
1315 1245 1382 1292 γὰρ
1404 1244 1578 1289 τοπάζειν
1599 1247 1665 1280 τοῦ
1686 1242 1770 1289 σάφ’
1791 1245 1924 1280 εἰδέναι
1955 1245 2046 1290 δίχα.

277 1313 581 1361 praepositiones
616 1322 741 1349 autem
777 1325 860 1349 cum
907 1313 1086 1359 genetivo
1125 1314 1285 1350 infinitivi
1316 1313 1435 1350 nullae
1466 1314 1612 1350 iunctae
1648 1322 1743 1349 sunt.
1803 1313 1900 1348 Nam
1934 1326 2046 1349 voca-

111 1381 201 1419 bulo
230 1382 336 1430 πλήν,
367 1383 469 1431 quod
500 1383 613 1419 tribus
643 1382 735 1418 locis
764 1381 938 1418 infinitivo
968 1383 1161 1418 antecedit
1192 1382 1365 1420 articulus
1397 1383 1546 1419 additus
1578 1395 1651 1418 non
1682 1391 1756 1418 est:

280 1453 399 1488 Prom.
430 1464 505 1498 519
536 1456 572 1488 τί
598 1452 665 1499 γὰρ
692 1454 881 1499 πέπρωται
913 1455 1000 1499 Ζηνὶ
1030 1453 1126 1499 πλὴν
1154 1452 1207 1488 ἀεὶ
1237 1462 1400 1500 κρατεῖνζ

280 1522 381 1558 Eum.
422 1533 489 1568 125
522 1525 557 1558 τί
584 1535 639 1558 σοι
668 1523 869 1570 πέπρακται
897 1525 1045 1569 πρᾶγμα
1072 1522 1168 1569 πλὴν
1196 1522 1336 1569 τεύχειν
1365 1522 1472 1567 κακά;

278 1592 383 1627 Eum.
417 1602 489 1637 737
521 1592 563 1626 τὸ
591 1591 733 1639 δ”ἅρσεν
761 1594 854 1627 afra}
882 1591 1005 1627 πάντα
1033 1592 1130 1638 πλὴν
1157 1592 1273 1639 γάμου
1304 1600 1434 1638 τυχεῖν.

278 1660 359 1697 Nec
388 1661 505 1697 minus
539 1674 641 1697 rarus
670 1661 854 1697 dativus
883 1659 1046 1696 infinitivi
1076 1660 1266 1698 invenitur.
1324 1662 1416 1697 Sunt
1446 1661 1541 1697 enim
1573 1660 1609 1696 hi
1638 1669 1816 1709 quattuor
1843 1660 1933 1702 loci;

275 1730 395 1766 Prom.
429 1732 498 1777 381
534 1741 622 1779 post
650 1731 976 1779 praepositionem
1007 1732 1022 1765 ἰ»
1040 1743 1077 1766 ι·;
1107 1732 1145 1766 ἐν
1173 1734 1227 1778 τῷ
1256 1733 1533 1778 προμηθεῖσθαι.

278 1798 351 1846 Ag.
385 1810 455 1845 252
487 1809 577 1848 post
605 1800 830 1836 adiectivum
860 1802 995 1842 ἵσοςῑ
1027 1802 1107 1835 ‘Aaou
1135 1803 1189 1847 τῷ
1217 1802 1431 1847 προστένειν
1460 1800 1531 1850 (sc.
1563 1799 1604 1835 τὸ
1633 1799 1829 1847 προκλύειι·
1856 1799 1982 1850 ἐστίν).

277 1867 404 1915 Suppl.
436 1870 523 1908 802.
553 1870 612 1905 ubi
644 1869 787 1905 dativus
818 1870 879 1917 qui
913 1879 1067 1905 vocatur
1106 1869 1393 1905 instrumentalis
1424 1878 1565 1905 exstat:
1608 1873 1662 1916 τῷ
1691 1869 1759 1916 γὰρ
1788 1871 1914 1905 θανεῖν
1943 1871 2043 1904 ἐλευ-

551 1940 725 1986 θιροῦμιιι
756 1939 990 1985 φιλοστόνων
1018 1942 1152 1974 κακῶν.

276 2006 400 2054 Frgm.
436 2019 507 2053 257
548 2009 607 2044 ubi
642 2022 738 2057 quae
778 2009 1028 2045 enuntationis
1073 2021 1327 2056 praegressae
1372 2022 1487 2045 causa
1533 2009 1580 2045 sit
1615 2008 1746 2045 dativo
1789 2007 1953 2045 additur:
1989 2011 2044 2055 τῷ

1099 2080 1108 2096 ί

546 2078 636 2124 μήτε
672 2082 810 2127 χαίρειν
845 2079 935 2126 μήτε
965 2082 1158 2114 λιττεῐιῖύαι
1197 2080 1237 2123 (pf

1237 2079 1354 2121 Ιιτούς
1392 2079 1412 2115 i.
1448 2093 1478 2115 e.
1524 2078 1610 2127 quia
1653 2092 1721 2115 nec
1763 2077 1931 2125 gaudent
1962 2074 2041 2114 'nec

545 2147 677 2183 dolore
708 2157 912 2195 gravantur
936 2148 1082 2184 mortui.

273 2215 502 2263 Saepissime
524 2225 645 2252 autem
669 2218 935 2270 subiectum
963 2216 1121 2253 articulo
1144 2216 1333 2257 indicatur,
1364 2218 1467 2265 quod
1498 2218 1631 2266 quibus
1653 2217 1748 2253 locis
1766 2217 1828 2253 fiat
1855 2217 1927 2253 iam
1956 2226 2041 2253 enu-

106 2285 351 2322 merabimus:

271 2357 295 2398 β
310 2369 332 2390 α
348 2369 368 2402 ρ
387 2354 406 2389 ις
436 2353 510 2402 Ag.
529 2357 605 2400 466
623 2355 664 2390 τὸ
680 2353 924 2403 ὁίῗπερκόπως
953 2356 1078 2392 κλύειν
1107 2352 1147 2392 εὖ
1175 2356 1276 2402 βαρύ.
1380 2355 1640 2404 ἀκόρεστον
1662 2357 1745 2402 ἔφυ
1762 2355 1837 2405 Ag.
1863 2367 1971 2403 1331.
1990 2379 2041 2384 —

105 2424 271 2460 καλόν
310 2424 386 2472 Ag.
430 2427 539 2460 1610.
578 2448 629 2451 κ·
665 2424 824 2470 ἀξίαι·
858 2426 1051 2473 τριβὴν
1088 2426 1198 2471 ἔχει
1234 2425 1291 2461 Pr.
1338 2427 1412 2471 637
1448 2426 1468 2462 i.
1505 2439 1537 2461 e.
1573 2426 1727 2475 dignum
1765 2433 1823 2461 est
1859 2426 1960 2473 quod
1991 2426 2039 2462 ad

107 2495 421 2532 commorandum
460 2495 630 2531 homines
666 2506 915 2533 commoveat.
947 2520 995 2523 —
1038 2510 1064 2531 π
1080 2511 1100 2543 ρ
1116 2497 1134 2530 ἐ
1148 2509 1174 2530 π
1190 2510 1205 2530 ε
1224 2509 1233 2530 ι
1277 2494 1350 2543 Ag.
1395 2508 1484 2542 941.
1516 2519 1566 2523 —
1613 2510 1634 2532 ι’
1651 2510 1705 2543 ομ
1722 2497 1770 2541 ίζ
1786 2509 1802 2531 ε
1818 2509 1838 2531 τ
1854 2510 1876 2531 a
1893 2509 1904 2531 ι
1943 2495 2037 2534 Cho.

106 2576 196 2611 423.
230 2588 278 2591 -
311 2573 505 2612 κρατεῖ
531 2565 605 2612 Ag.
644 2569 751 2612 1364.
781 2588 830 2592 ——
873 2566 997 2609 θεός
1029 2580 1085 2601 τε
1119 2567 1205 2601 καὶ
1232 2567 1361 2600 θεοῦ
1393 2568 1558 2602 πλέον
1592 2566 1687 2603 Cho.
1723 2576 1782 2612 59.
1816 2587 1864 2591 —
1898 2564 2085 2613 ἀκμή4

105 2633 181 2684 Ag.
226 2645 337 2681 1353.
375 2658 427 2661 —-
467 2636 585 2680 δίχα
623 2634 679 2670 Pr.
719 2647 809 2682 927.
850 2636 922 2683 Ag.
972 2639 1084 2682 1369.
1123 2658 1174 2661 —
1211 2649 1297 2682 xqe
1316 2644 1436 2671 ῐσσο
1454 2650 1472 2670 ι’
1508 2636 1565 2672 Pr.
1607 2639 1696 2681 624.
1731 2635 1836 2683 srgm.
1867 2645 1956 2682 395.
2009 2634 2014 2684 Ι
