2285 2900
1090 137 1132 168 39

942 288 1132 375 Caput
1179 289 1276 356 ΙΙΙ.

147 412 233 480 De
258 410 552 479 infinitivi
590 410 749 495 apud
775 408 1147 495 Aeschylum
1183 408 1562 494 temporibus
1602 409 1803 495 capita
1828 409 2075 477 selecta.

406 570 436 618 ς
462 570 487 605 1.
519 569 724 618 Quomodo
754 570 900 604 factum
929 569 983 603 sit
1012 573 1055 603 ut
1081 573 1257 615 tempora
1288 569 1474 604 infinitivi
1502 569 1807 615 distinguantur.

310 690 524 727 Infinitivum
554 703 666 738 quem
695 690 851 725 nominis
882 689 1043 725 verbalis
1078 702 1203 725 casum
1236 703 1324 725 esse
1363 691 1701 726 demonstravimus
1742 691 1975 726 manifestum
2012 699 2072 726 est

145 760 312 810 primitus
342 769 556 808 temporum
588 759 798 796 differentia
826 758 991 795 caruisse
1016 759 1187 808 (Herzog
1215 758 1235 796 l.
1258 759 1279 796 l.
1302 773 1335 808 p.
1360 761 1380 795 8
1417 760 1506 796 »der
1535 759 1691 795 Infinitiv
1729 760 1783 795 als
1815 771 1902 795 vom
1941 759 2068 815 {einen

146 828 424 867 Verbalstamm
452 827 621 876 gebildet
651 830 699 865 ist
718 828 898 864 zun'aichst
919 828 1132 863 indifferent
1151 841 1278 877 gegen
1301 830 1360 865 die
1383 829 1874 877 Tempusunterschiedec).
1917 828 2068 865 Atvero

143 900 277 935 dixerit
305 899 499 946 quispiam,
530 912 614 934 num
644 907 681 934 tu
709 898 942 946 persuadere
971 898 1077 933 nobis
1113 899 1309 935 conaberis
1343 909 1515 947 tempora
1549 898 1713 935 infinitivi
1754 912 1775 934 a
1809 898 2067 935 vetustissimis

143 967 386 1004 monumentis
416 979 462 1003 ac
491 966 631 1011 litteris,
664 980 757 1014 quas
796 966 831 1001 in
870 966 1037 1002 manibus
1071 979 1141 1002 nos
1175 967 1369 1010 habemus,
1406 968 1567 1003 abesse?
1612 968 1744 1003 Nonne
1782 976 1821 1002 et
1855 968 2066 1015 praesentis

143 1047 182 1075 et
209 1037 439 1086 praeteritae
468 1046 507 1073 et
537 1037 680 1073 futurae
717 1036 871 1072 actionis
907 1044 1031 1072 exstat
1066 1035 1279 1073 infinitivus?
1321 1037 1398 1073 Sed
1427 1037 1521 1074 haec
1559 1036 1808 1086 repugnantia
1849 1036 2067 1074 offensionis

143 1107 227 1146 nihil
255 1106 398 1143 habere
428 1115 567 1155 potest,
597 1106 628 1143 si
656 1092 731 1142 duo
760 1106 795 1141 in
824 1119 892 1141 usu
922 1104 1080 1141 infinitivi
1114 1106 1321 1142 excolendo
1359 1107 1481 1154 spatia
1515 1106 1815 1150 internoscimus,
1854 1119 1953 1154 quae
1993 1107 2064 1142 iam

142 1191 255 1227 supra
304 1190 385 1213 cum
427 1177 678 1213 accusativum
715 1189 796 1212 cum
831 1175 1008 1212 infinitivo
1045 1189 1149 1212 usum
1182 1177 1327 1225 longius
1361 1175 1590 1224 divulgatum
1626 1176 1901 1225 explicaremus
1936 1175 2065 1213 leviter

141 1247 343 1296 attigimus.
389 1246 494 1283 Initio
534 1247 683 1295 quidem
714 1245 911 1282 infinitivos
950 1245 1133 1282 habemus
1162 1259 1229 1282 nec
1257 1259 1398 1294 genere
1428 1259 1498 1282 nec
1527 1246 1707 1294 gradibus
1737 1246 1921 1294 temporis
1943 1246 2065 1282 distin-

114 1295 234 1353 ·ctos.
303 1316 452 1351 Deinde
482 1314 672 1363 paullatim
706 1324 745 1351 et
779 1328 923 1362 genera
960 1323 999 1350 et
1027 1315 1165 1362 gradus
1195 1324 1447 1352 accesserunt.
1506 1316 1563 1351 Ac
1597 1316 1752 1363 primum
1781 1316 1945 1351 fortasse
1978 1325 2066 1363 post

141 1385 318 1424 aoristum
348 1384 560 1434 praesentis
590 1384 783 1421 infinitivus
820 1383 925 1420 fictus
961 1392 1000 1420 et
1038 1383 1214 1420 formatus
1252 1393 1311 1420 est
1346 1383 1403 1431 (cf.
1443 1383 1535 1432 Iolly
1572 1397 1609 1432 p.
1651 1385 1756 1433 232),
1797 1392 1837 1420 ut
1874 1384 1974 1420 actio
2006 1383 2063 1420 vel

142 1455 306 1492 conditio
336 1455 475 1490 durans
500 1453 558 1490 vel
587 1455 723 1490 factum
752 1454 883 1489 iterum
912 1454 1121 1502 iterumque
1150 1454 1346 1501 repetitum
1378 1455 1425 1489 ab
1455 1454 1603 1490 actione
1636 1463 1904 1490 momentanea
1925 1454 2063 1491 discer-

140 1534 297 1562 neretur.
355 1523 514 1560 Perfecti
547 1532 672 1560 autem
706 1522 900 1560 infinitivus
936 1523 985 1559 ad
1020 1523 1202 1559 actionem
1236 1522 1269 1558 in
1309 1535 1350 1558 se
1388 1521 1499 1570 plane
1538 1522 1743 1571 perfectam
1782 1523 2063 1572 exprimendam

140 1593 291 1631 additus
328 1602 398 1631 est.
458 1593 599 1629 Aoristi
637 1592 773 1629 deinde
813 1592 1022 1628 infinitivum
1056 1592 1323 1640 significatione
1360 1592 1584 1640 amplificata
1623 1593 1729 1640 quasi
1767 1593 1891 1629 denuo
1926 1593 2062 1629 Graeci

141 1664 372 1706 effinxerunt,
414 1673 454 1700 ut
500 1663 548 1699 ad
577 1676 697 1710 genus
735 1663 845 1699 etiam
879 1663 1021 1710 gradus
1057 1662 1236 1710 temporis
1265 1662 1468 1698 accederet
1506 1671 1618 1711 atque
1655 1662 1754 1698 actio
1788 1670 1875 1699 ante
1908 1661 2064 1700 alteram

139 1734 239 1771 facta
266 1733 418 1769 indicari
445 1740 591 1781 posset.
632 1732 803 1780 Denique
834 1740 872 1767 ut
901 1731 1002 1779 quod
1033 1744 1230 1767 evasurum
1252 1731 1297 1766 sit
1319 1731 1545 1778 significetur
1567 1732 1673 1767 futuri
1695 1732 1888 1768 infinitivus
1910 1733 2061 1769 exstitit.

303 1803 410 1838 Haec
446 1810 570 1838 autem
612 1802 766 1837 mutatio
806 1801 969 1837 nimirum
1011 1809 1085 1836 tum
1126 1800 1273 1836 demum
1318 1800 1417 1837 facta
1454 1810 1525 1845 est,
1559 1814 1641 1837 cum
1681 1800 1839 1838 infinitivi
1876 1810 2061 1839 structura

140 1887 222 1910 cum
251 1872 294 1908 iis
323 1871 517 1908 enuntiatis
547 1870 763 1907 commutari
793 1877 930 1917 coepta
960 1877 1019 1905 est
1047 1882 1144 1917 quae
1181 1882 1201 1904 e
1235 1870 1357 1905 verbo
1392 1870 1492 1905 finito
1530 1878 1568 1906 et
1607 1870 1863 1907 coniunctione
1898 1869 1950 1914 (ὃς
1982 1870 2061 1907 sive

141 1941 198 1979 ὅτι
225 1941 435 1991 composita
463 1947 720 1988 argumentum
751 1938 1109 1987 explicationemque
1137 1938 1336 1974 verborum
1365 1939 1663 1976 antecedentium
1690 1940 1889 1976 continent.
1947 1940 2059 1977 Unde

141 2012 316 2060 sequitur,
337 2019 376 2047 ut
391 2010 474 2047 novi
489 2009 535 2045 illi
551 2008 708 2045 infinitivi
723 2008 783 2057 qui
799 2007 1031 2056 temporibus
1044 2007 1205 2043 distincti
1221 2008 1292 2044 sint
1302 2007 1424 2044 locum
1442 2022 1516 2045 non
1533 2009 1695 2045 habeant
1710 2009 1776 2045 nisi
1793 2010 1827 2045 in
1848 2010 2062 2046 accusativo

139 2081 198 2119 vel
214 2080 440 2118 nominativo
469 2092 550 2115 cum
580 2077 763 2114 infinitivo.
808 2077 867 2113 De
898 2076 1058 2113 omnium
1090 2086 1214 2113 autem
1246 2076 1347 2126 apud
1369 2076 1599 2125 Aeschylum
1627 2078 1885 2115 infinitivorum
1914 2079 2058 2116 ratiOne

112 2177 117 2182 -
140 2152 332 2200 disputare
361 2164 441 2187 curn
471 2158 510 2186 et
536 2148 688 2197 longum
719 2155 758 2183 et
786 2160 1101 2195 supervacaneum
1133 2147 1179 2183 sit
1208 2146 1328 2194 dessiis
1350 2156 1490 2184 tantum
1512 2147 1637 2196 paullo
1660 2148 1868 2185 accuratius
1890 2162 2059 2198 agemus,

140 2221 202 2271 qui
230 2234 304 2258 non
331 2220 381 2257 ita
409 2218 625 2267 frequentes
653 2216 894 2253 inveniuntur.
944 2216 1072 2263 Quare
1100 2216 1148 2252 ab
1179 2215 1354 2252 infinitivo
1386 2217 1490 2252 futuri
1520 2218 1643 2253 exorsi
1673 2218 1805 2266 quibus
1833 2217 1927 2254 locis
1956 2221 2058 2267 apud

141 2289 370 2337 Aeschylum
400 2298 526 2325 exstet
556 2287 861 2323 enumerabimus.

801 2424 825 2470 §
852 2422 889 2459 2.
946 2423 1006 2459 De
1032 2423 1229 2460 infinitivo
1257 2424 1391 2461 futuri.

300 2523 572 2560 Usitatissimus
601 2521 661 2558 hic
689 2521 881 2558 infinitivus
910 2529 998 2569 post
1025 2535 1071 2557 ea
1098 2521 1217 2557 verba
1242 2531 1365 2558 exstat
1392 2536 1490 2570 quae
1519 2521 1601 2572 ipsa
1631 2536 1699 2561 sua
1727 2533 1859 2562 natura
1887 2522 1935 2562 ad
1965 2535 2057 2563 tem->

137 2606 208 2644 pus
233 2593 390 2631 futurum
418 2601 592 2643 spectare
621 2590 751 2628 solent.
800 2590 967 2639 Quorum
995 2589 1029 2626 in
1057 2603 1213 2626 numero
1240 2591 1395 2638 primum
1416 2592 1615 2628 referenda
1643 2603 1728 2630 sunt
1754 2595 1871 2630 verba
1900 2595 2057 2633 iurandi:
