2285 2900
1086 143 1127 174 43

0 225 11 264 ’Σ
46 268 49 271 -
85 227 408 294 ὟξςῐέκΒτοεκ
436 258 473 293 p.
503 256 556 293 94
585 242 807 280 vocabulum
837 243 1099 294 interpretatus
1129 253 1197 282 est.

308 314 719 359 βεβουλεῦσθαι
752 313 856 362 frgm.
890 316 974 361 258.
1005 323 1129 351 mente
1159 327 1384 363 perpensum
1414 327 1511 356 esse,
1548 321 1587 349 ut
1622 325 1717 349 nunc
1752 321 1828 350 stet
1862 313 2060 350 sententia.

310 384 570 431 ἱδρῦσθαι
596 383 696 418 Pers.
731 395 749 417 2
757 395 798 429 31
834 386 906 418 ποῦ
934 383 1001 425 τὰς
1021 379 1169 430 Ἀθήνας
1197 386 1307 428 φασὶν
1337 384 1504 431 ἱδρῦσθαι
1536 380 1688 428 χθοι’ός;
1734 382 1830 419 Nihil
1865 383 2061 419 dicendum

105 488 107 491 ,
150 439 234 490 erat
262 453 310 489 de
340 450 542 487 condenda
569 450 627 487 vel
655 451 808 487 condita
836 452 938 494 urbe,
968 453 1038 488 sed
1066 452 1114 488 de
1142 452 1330 500 praesenti
1358 452 1434 488 eius
1474 451 1556 494 situ3
1591 451 1651 487 ubi
1678 460 1857 488 terrarum
1888 451 2058 487 Athenas

151 520 340 571 (conditas
368 521 484 567 stare)
513 519 604 556 sitas
635 532 720 555 esse
749 519 893 555 dicunt?

264 580 267 582 ,
312 589 540 635 τετάφθαι
569 589 660 624 Cho.
684 593 771 634 366.
803 590 987 636 sepultum
1017 603 1102 625 esse
1133 598 1170 625 et
1204 603 1297 625 nunc
1333 590 1365 624 in
1403 589 1573 637 sepulcro
1604 590 1736 626 iacere.
1776 589 1875 626 Libri
1904 589 2056 637 quidem

150 658 306 711 τέιᾶψαι
334 657 521 700 exhibent,
553 658 657 706 quod
686 655 848 694 Clausen
877 657 911 693 in
950 658 1214 694 commentario
1244 657 1336 694 tueri
1375 666 1536 693 conatur.
1592 658 1671 694 Sed
1705 658 1734 693 si
1774 657 2058 706 responsionem

113 752 115 755 -
155 740 255 777 quae
289 727 486 768 intercedit
519 727 614 764 inter
648 725 824 764 Electrae
860 726 1083 775 Orestisque
1124 735 1162 763 et
1206 728 1365 775 alterurn
1396 728 1496 775 quod
1531 727 1696 776 sequitur
1728 726 1900 763 Electrae
1933 736 2063 762 votum

150 799 266 846 πάρος
292 799 326 834 οἱ
353 792 550 852 κτανόντες
577 799 733 845 δαμῆναι
762 797 987 846 respicimus,
1019 797 1078 833 ubi
1109 797 1336 834 scholiastae
1365 797 1399 834 in
1428 797 1620 834 codicibus
1649 797 1840 846 adscripta
1861 797 2057 833 adnotatio

152 860 248 903 haec
275 867 424 915 legitur:
466 870 578 902 λείπει
607 866 649 902 τὸ
678 865 833 912 ὥφελεςῑ
867 866 980 903 etiam
1006 874 1172 902 nostrum
1201 868 1320 903 locum
1351 879 1418 917 pro
1438 875 1526 902 voto
1555 867 1726 914 accipere
1754 874 1950 914 praestare
1979 866 2063 902 mihi

155 936 309 978 videtur,
338 943 378 971 ut
404 936 546 972 alterae
576 935 747 971 Electrae
777 947 914 983 preces
947 948 1003 971 vv.
1043 939 1115 982 363
1153 955 1200 960 ψ
1239 940 1312 982 366
1350 936 1616 983 respondeant.
1655 935 1802 970 Orestis
1839 935 1962 970 verbis
1988 946 2059 980 345

152 1017 218 1053 sq„
247 1005 387 1041 alterae
415 1018 448 1041 ν.
490 1009 562 1051 367
595 1017 650 1052 sq.
684 1017 816 1040 novam
846 1003 973 1040 Oresti
1008 1012 1201 1051 opponant
1235 1004 1465 1040 sententiam.
1497 1004 1674 1040 Ostendit
1703 1004 1798 1039 enim
1828 1004 1976 1039 Electra
2001 1016 2064 1039 cur

151 1072 198 1110 illi
227 1074 414 1121 precanti:
446 1075 477 1109 εἰ
504 1073 572 1121 γάρ
601 1081 669 1111 etc.
702 1086 775 1109 non
804 1073 1039 1118 assentiatur,
1069 1073 1140 1109 sed
1169 1073 1289 1121 potius
1317 1073 1388 1110 hoc
1427 1073 1524 1110 votis
1559 1081 1732 1121 expetat:
1765 1072 1847 1120 μηδ’
1881 1070 1952 1108 ὑπό
1992 1080 2059 1110 etc.

151 1142 280 1195 ltaque
307 1142 526 1178 vertendum
556 1143 639 1178 erit:
676 1142 833 1178 »utinam
860 1156 906 1178 ne
937 1142 1052 1179 fatum
1080 1143 1209 1179 fuisset
1238 1142 1420 1190 sepultum
1445 1143 1567 1178 iacere
1595 1143 1663 1178 sub
1691 1142 1828 1178 Troiae
1855 1142 2060 1184 moenibus,

152 1212 223 1248 sed
250 1212 374 1260 potius
404 1220 503 1256 etc;‹
538 1210 634 1247 nullo
664 1211 760 1247 enim
790 1211 904 1248 modo
930 1212 1045 1260 patris
1075 1225 1203 1249 necem
1234 1211 1434 1261 optabilem
1463 1211 1578 1248 videri
1609 1224 1725 1260 posse
1756 1210 1950 1260 significat.

261 1289 267 1296 “
312 1279 558 1328 εἰργάσθαι
587 1280 661 1329 Ag.
699 1286 797 1326 1346
832 1279 1001 1329 (τοῦργον
1037 1283 1145 1329 δοκεῖ)
1175 1294 1268 1329 opus
1298 1282 1347 1317 ad
1380 1281 1489 1317 finem
1524 1280 1742 1328 perductum
1779 1288 1817 1316 et
1854 1279 2061 1316 absolutum

151 1348 297 1386 videtur
325 1362 424 1387 esse.

312 1414 588 1454 πεποιθέναι
617 1420 717 1455 Pers.
752 1423 840 1456 601.
873 1420 964 1456 Cho.
999 1431 1083 1465 297.
1114 1420 1169 1456 Pr.
1203 1431 1273 1465 225
1306 1422 1396 1462 (τοῖς
1425 1420 1555 1466 φίλοις)
1588 1418 1699 1454 fidem
1729 1418 1856 1454 amicis
1875 1418 2059 1453 habuisse

152 1486 272 1536 iisque
302 1486 373 1523 iam
405 1485 477 1524 niti.

313 1555 586 1592 τεθνάναι
613 1557 686 1605 Ag.
720 1569 795 1603 539
824 1565 982 1593 mortem
1012 1557 1136 1593 obisse
1166 1565 1202 1593 et
1232 1568 1327 1592 nunc
1357 1563 1539 1592 mortuum
1568 1555 1702 1592 iacere.

313 1622 527 1660 εἰδέναι
555 1624 628 1674 Ag.
668 1631 777 1671 1196.
826 1631 934 1672 1369.
973 1638 1081 1672 1371.
1113 1626 1217 1673 frgm.
1254 1626 1317 1661 181
1355 1633 1479 1661 mente
1509 1625 1731 1672 cognovisse
1763 1632 1802 1661 et
1833 1637 1927 1660 nunc
1949 1624 2055 1661 scire.

311 1689 533 1729 ὀλωλέναι
561 1693 662 1730 Pers.
695 1697 781 1739 446.
811 1695 966 1742 periisse
997 1703 1035 1730 et
1061 1707 1154 1730 nunc
1183 1695 1217 1730 in
1244 1702 1475 1730 mortuorum
1505 1706 1658 1729 numero
1688 1707 1785 1730 esse.

256 1828 282 1876 ξ
310 1829 337 1864 4
404 1829 463 1865 De
492 1829 714 1875 praesentis
743 1834 784 1866 et
808 1830 946 1866 aoristi
979 1830 1186 1865 infinitivis
1212 1841 1315 1876 quae
1344 1829 1515 1865 maxime
1544 1833 1681 1865 notatu
1710 1829 1827 1875 digna
1856 1829 1945 1865 sint.

146 1953 180 1977 a.
228 1941 293 1977 >Hi
329 1941 540 1977 infinitivi
577 1954 667 1989 quo
707 1942 831 1978 inter
869 1956 917 1978 se
952 1943 1173 1978 differant
1204 1943 1263 1978 iis
1299 1942 1568 1978 ostenditur
1600 1941 1724 1990 apud
1760 1941 2053 1989 Aeschylum

480 2009 723 2059 exemplis,
754 2011 828 2047 ubi
858 2023 945 2047 uno
973 2011 1019 2047 in
1049 2011 1296 2047 enuntiato
1326 2010 1571 2047 coniuncti
1601 2019 1717 2046 sunt.

308 2109 383 2144 Iam
415 2107 544 2156 reliqui
583 2115 666 2143 sunt
696 2108 756 2155 qui
794 2108 952 2144 omniurn
981 2107 1093 2156 longe
1132 2109 1344 2145 creberrimi
1378 2100 1619 2145 inveniuntur·
1642 2108 1813 2150 infinitivi,
1851 2108 1977 2144 aoristi
2013 2116 2051 2143 et

143 2178 373 2227 praesentis.
431 2177 504 2224 Qui
534 2177 690 2225 disiungi
717 2177 780 2213 vix
808 2186 964 2226 possunt
992 2191 1074 2215 cum
1104 2178 1325 2227 saepissime
1362 2178 1545 2228 insignem
1578 2178 1672 2214 inter
1701 2190 1743 2214 se
1778 2176 2049 2214 similitudinem

140 2258 233 2295 prae
268 2259 311 2283 se
347 2246 478 2283 ferant.
535 2245 592 2281 Ac
622 2246 772 2294 quidem
805 2247 839 2282 in
873 2257 1088 2298 praesente·
1115 2248 1216 2284 notio
1260 2247 1357 2283 inest
1403 2238 1556 2283 actionis
1598 2247 1762 2283 durantis
1803 2246 1863 2282 vel
1898 2247 2049 2294 saepius

140 2315 337 2365 repetitae,
365 2316 400 2352 in
421 2316 560 2352 aoristo
581 2324 868 2354 momentaneae
890 2317 966 2354 sive
991 2317 1156 2366 incipere
1176 2318 1273 2354 haec
1304 2317 1380 2353 sive
1411 2315 1526 2353 semel
1547 2329 1617 2352 nec
1637 2315 1788 2365 saepius
1808 2314 1886 2352 fieri
1907 2315 2047 2353 dicitur.

139 2385 442 2424 Consentaneum
466 2373 529 2422 *est
558 2393 682 2422 autem
711 2399 987 2435 saepenumero
1016 2395 1135 2424 utrum
1155 2386 1365 2423 infinitivum
1395 2385 1510 2434 eligat
1538 2398 1693 2434 prorsus
1722 2393 1865 2434 poetae
1895 2385 2045 2422 arbitrio

137 2456 358 2504 permissum
378 2469 475 2493 esse.
532 2455 592 2491 De
614 2468 689 2503 quo
711 2455 920 2493 discrimine
942 2456 1221 2506 diligentissime
1244 2470 1265 2493 a
1284 2464 1436 2493 nostrae
1458 2456 1591 2493 aetatis
1610 2455 1861 2506 grammaticis
1882 2463 2046 2492 tractato

114 2525 242 2574 ‘plura
281 2524 316 2562 in
356 2524 568 2561 universum
609 2524 796 2561 disserere
838 2526 885 2561 ab
932 2538 973 2562 re
1015 2539 1101 2562 esse
1137 2527 1246 2563 duco.
1305 2526 1451 2562 Tamen
1489 2526 1616 2562 facere
1655 2538 1730 2561 non
1758 2538 1927 2573 possum,
1958 2525 2047 2573 quin

109 2612 117 2615 -
133 2599 206 2637 ,eo‘s
220 2593 329 2632 locos
356 2594 511 2632 afferam
528 2593 721 2645 Aeschyli,
746 2595 780 2632 in
801 2596 932 2645 quibus
958 2604 1115 2646 uterque
1138 2605 1336 2645 usurpatus
1358 2595 1504 2645 legitur.
1549 2595 1722 2644 Namque
1751 2594 1808 2632 his
1839 2596 2045 2635 certissime

1843 2666 1875 2692 6.
