2285 2900
1075 69 1115 103 50

1001 388 1153 455 Vita.

282 510 402 548 Natus
446 524 545 554 sum,
596 512 743 558 JOHANN
795 511 1006 552 KARSTENS‚
1065 509 1279 547 Colmariae
1324 508 1565 563 Holsatorum
1611 509 1718 547 huius
1769 504 1909 549 saecun

117 579 386 617 MDCCCLIII
416 593 447 616 a.
478 579 513 616 d.
544 579 631 616 XIV
670 578 752 616 Kal.
781 579 1016 621 Februarias,
1046 588 1154 628 patre
1190 579 1381 616 Friderico
1420 580 1646 624 Christiano,
1686 579 1804 617 matre
1834 578 1900 633 C‘.

117 656 235 699 gente
263 662 334 686 van
368 649 551 686 Drathen.
611 649 715 685 Fidei
748 649 918 685 addictus
951 662 1031 684 sum
1067 649 1324 698 evangelicae.
1389 648 1519 697 Usque
1555 647 1604 685 ad
1640 648 1775 686 aetatis
1812 638 1895 686 ann=

121 726 325 766 postquam
351 717 423 753 vici
454 718 620 753 scholam
650 717 834 765 publicam
862 717 1102 764 frequentavi,
1135 716 1398 754 ecclesiastico
1430 717 1499 753 vici
1529 731 1550 753 a
1582 718 1703 765 patrio
1737 730 1812 755 non
1844 717 1897 755 ita

125 787 300 823 distantis
329 787 488 823 traditus
517 785 771 835 elegantiores
792 799 886 834 quas
908 785 1033 822 dicunt
1054 785 1267 834 disciplinas
1288 785 1434 822 discere
1456 786 1578 834 coepi.
1627 785 1743 822 Anno
1766 778 1892 825 sexto.

105 856 267 891 'exacto
287 854 322 890 in
341 855 528 903 gymnasii
546 855 721 889 Altonani
743 855 909 889 ordinem
931 855 1132 891 secundum
1154 864 1329 902 receptus
1350 868 1443 898 sum,
1466 854 1524 891 cui
1544 867 1678 891 nomen
1701 863 1760 892 est
1775 851 1833 892 Ch
1854 854 1862 862 '
1884 841 1886 844 Ι

120 924 303 971 quodque
325 923 483 960 Luchtio
512 923 701 960 directore
732 931 769 959 et
797 931 870 959 tum
899 921 1059 959 florebat
1087 931 1125 959 et
1153 922 1260 959 floret
1281 921 1409 958 hodie.
1450 922 1542 957 Post
1569 930 1745 970 quattuor
1764 923 1903 975 deinde

118 991 345 1029 maturitatis
376 991 545 1028 examine
575 991 789 1040 perfunctus
809 991 845 1025 in
865 992 1142 1027 universitatem
1163 993 1366 1027 litterarum
1387 991 1672 1038 Tubingensern
1694 991 1907 1043 commigra?
1925 991 1938 1000 '

119 1060 206 1095 anni
226 1059 586 1100 MDCCCLXXIII,
616 1060 677 1094 ubi
704 1059 837 1095 scholis
866 1072 953 1095 usus
983 1073 1062 1096 sum
1089 1059 1223 1096 horum
1251 1059 1409 1095 virorum
1430 1058 1644 1095 doctorum:
1677 1058 1844 1108 Herzog,
1864 1059 1901 1098 K

118 1128 275 1176 Kugler,
309 1140 342 1164 v.
382 1127 493 1170 Roth,
521 1141 553 1164 v.
586 1127 780 1169 Noorden,
813 1128 1007 1171 Schwabe,
1041 1128 1198 1164 Teuffel.
1216 1129 1286 1163 Per
1313 1128 1381 1163 tria
1402 1128 1598 1163 semestria
1621 1127 1669 1163 ibi
1699 1140 1893 1165 commota
1925 1172 1937 1177 .,

91 1187 288 1244 ‘Lipsiam
317 1196 469 1236 contuli,
500 1196 561 1231 ubi
590 1196 773 1232 institutus
804 1210 883 1232 sum
914 1210 935 1232 a
968 1197 1056 1233 viris
1091 1198 1230 1233 doctis:
1259 1198 1416 1241 Braune‚
1449 1196 1605 1239 Curtius,
1634 1196 1836 1240 Fritzsche,
1864 1180 1926 1248 He
2080 1231 2092 1236 ..

117 1264 260 1310 Hirzel,
283 1263 499 1307 Overbeck,
521 1264 666 1313 Lange
689 1263 838 1301 Ritschl.
869 1263 960 1300 Post
981 1264 1038 1300 bis
1060 1277 1126 1300 sex
1147 1277 1298 1301 menses
1319 1265 1404 1300 inde
1425 1278 1483 1300 me
1501 1264 1636 1300 Kiliam
1657 1277 1800 1301 conver
1818 1266 1827 1273 '
1847 1274 1886 1302 et
1904 1254 2081 1318 εεὶισῇ*

118 1333 269 1370 interfui
288 1346 349 1369 vv.
379 1332 433 1368 ill:
460 1333 765 1375 Forchhammer
789 1334 992 1377 Luebbert
1015 1335 1200 1376 Moebius
1217 1334 1374 1373 Pfeiffer.
1391 1333 1601 1376 Pfleiderer,
1619 1331 1811 1377 Thaulow,
1903 1332 1913 1341 '
1937 1382 1945 1385 ‚
2005 1382 2015 1388 H

117 1401 399 1452 Volquardsen.
452 1401 740 1440 Seminariorum
763 1402 922 1451 denique
945 1401 1277 1439 exercitationibus
1302 1402 1443 1438 interfui
1470 1402 1617 1437 horum:
1658 1403 1831 1450 Tubinge
1860 1403 1921 1445 sis,
1933 1394 2046 1445 cubas
2061 1418 2081 1435 ·.

117 1469 386 1506 moderatores
417 1479 523 1505 erant
551 1483 612 1504 vv.
653 1470 697 1505 ill.
735 1472 881 1506 Teuffel
915 1482 954 1507 et
991 1473 1196 1516 Schwabe,
1237 1472 1410 1509 Kiliensis
1446 1471 1661 1521 philologici
1694 1471 1841 1509 directo
1901 1461 2060 1523 us'firvss„

118 1538 167 1577 ill.
196 1539 496 1579 Forchhammer
526 1546 563 1575 et
601 1537 802 1582 Luebbert
838 1538 1064 1582 Germanici
1101 1539 1157 1575 cui
1194 1547 1308 1575 antea
1344 1548 1519 1587 praeerat
1552 1553 1587 1574 v.
1622 1540 1666 1574 ill.
1707 1540 1916 1581 Weinhod,
1946 1544 2059 1582 ιιιιιῐιεΔ

117 1615 276 1657 praeest
302 1621 334 1644 v.
362 1606 408 1643 ill.
438 1607 605 1643 Pfeiffer.
664 1608 808 1653 Quibus
828 1609 998 1644 omnibus
1028 1609 1116 1644 viris
1147 1609 1287 1656 optime
1309 1609 1357 1646 de
1376 1622 1436 1646 me
1464 1608 1602 1646 meritis
1623 1621 1699 1645 non
1729 1620 1885 1658 possum
1900 1593 2054 1650 facete.

119 1678 208 1727 quin
235 1691 283 1715 ex
311 1677 437 1714 intimo
467 1677 590 1714 animo
620 1677 759 1725 gratias
788 1689 899 1726 agam
926 1690 1038 1726 quarn
1066 1675 1251 1726 plurimas.
1281 1698 1332 1704 —-
