2285 2900
1051 100 1090 134 21

115 226 182 250 nos
219 213 269 257 ὡς
303 214 334 250 si
367 226 493 249 veram
527 212 578 248 rei
615 212 796 247 rationem
830 212 1024 259 exigamus
1061 214 1275 250 adverbium
1311 206 1538 261 pronominis
1577 206 1717 241 relatiVi
1746 217 1834 241 CSSQ
1864 212 1903 239 et
1932 201 2042 250 Plane

114 295 197 319 cum
229 291 360 319 nostro
398 281 513 317 »wie«
552 293 769 329 congruere.
804 282 908 330 quod
941 282 1030 319 item
1072 283 1327 319 revocandum
1370 290 1429 319 est
1463 280 1512 316 ad
1555 280 1711 315 formam
1744 274 1955 312 relativam.
1992 271 2043 308 uti

114 364 162 387 ex
195 351 382 389 veteribus
425 349 597 386 concludi
634 360 763 399 potest
798 351 925 387 formis
947 365 1065 394 »weo,
1094 353 1220 397 hweo,
1246 353 1417 389 hvaiva.«
1451 348 1644 397 Quocirca
1677 346 1914 385 enuntiatum,
1932 340 2042 390 quale

115 430 238 466 exstat
265 421 301 459 in
329 420 404 459 Od.
435 421 468 464 θ,
501 433 542 458 21
573 424 632 457 καί
656 435 719 469 μιν
746 421 971 470 μακρότερον
1007 446 1055 449 --
1088 424 1200 470 θῆκεν
1235 423 1383 463 ἰδέσθαι,
1420 418 1471 464 ὥς
1497 433 1561 456 κεν
1597 417 1791 464 Φαιήκεσσι
1818 418 1923 462 φίλος
1950 411 2044 448 πάν-

114 503 214 527 τεσσι
240 494 391 538 γένοιτο,
419 492 494 530 hoc
524 491 601 526 fere
629 492 748 526 modo
779 490 1059 528 dissolvendum
1095 502 1208 540 atque
1245 492 1499 528 illustrandum
1533 490 1642 526 nobis
1671 498 1746 524 est:
1785 485 2043 535 proceriorem

115 574 198 597 eum
233 560 335 602 fecit.
374 560 470 596 hunc
506 560 540 596 in
582 559 732 596 modum
778 562 1143 609 (quemadmodum):
1188 562 1419 599 Phaeacibus
1463 560 1631 597 omnibus
1675 557 1838 594 adamari
1874 562 2041 605 poterat.

116 629 261 676 Quodsi
298 626 396 666 (ὅστε
429 627 725 677 contemplamur
762 629 850 677 quid
886 630 984 666 aliud
1021 639 1080 666 est
1114 631 1179 667 nisi
1214 630 1300 667 illud
1337 628 1387 673 (ὃς
1423 629 1575 665 adiecta
1610 624 1749 662 vocula
1787 619 1959 657 enclitica
1994 631 2043 659 te,

116 712 189 747 qua
224 699 412 735 relativum
451 697 502 741 ὠς
536 711 618 734 cum
660 699 784 735 verbis
827 700 1137 736 antecedentibus
1180 700 1377 750 colligetur
1440 708 1477 735 et
1505 699 1555 735 ita
1602 694 1772 745 quidem?
1830 690 1899 727 His
1936 689 2044 738 igitur

117 768 304 805 adverbiis
329 768 406 805 sive
449 768 768 805 coniunctionibus
808 767 892 805 nihil
935 756 1033 806 aliud
1074 769 1122 812 fit,
1165 771 1231 807 nisi
1276 779 1314 807 ut
1356 782 1494 806 novum
1534 765 1672 815 aliquid
1708 762 1813 812 sequi
1843 760 2044 798 indicetur;

118 838 346 874 constructio
382 839 465 885 ipsa
503 850 740 885 nequaquam
781 847 942 874 mutatur
985 847 1022 875 et
1057 839 1158 875 solus
1199 841 1390 889 infinitivus
1425 848 1464 874 ut
1506 852 1552 873 ex
1594 835 1707 871 dativi
1750 842 1882 868 natura
1928 839 1967 865 et
2008 829 2043 864 vi

118 907 363 944 consecutiva
411 906 585 956 explicari
633 915 795 956 poterat,
845 908 896 944 ita
945 909 1056 945 etiam
1104 908 1293 946 infinitivus
1342 916 1472 958 potest
1530 914 1621 955 post
1668 899 1853 939 vocabula
1907 897 1959 941 ὡς
2007 906 2045 933 et

117 975 222 1013 ὥστε.
283 978 388 1013 Hanc
424 990 534 1025 quam
570 978 704 1025 protuli
744 979 969 1015 sententiam
1005 980 1161 1015 eandem
1197 980 1430 1028 amplectitur
1469 976 1682 1024 Herzogius
1716 973 1737 1009 l.
1767 972 1786 1008 l.
1817 985 1853 1019 p.
1900 980 1955 1015 17,
1983 968 2043 1004 ubi

118 1047 165 1084 de
203 1047 351 1084 duobus
380 1059 475 1095 quos
514 1048 884 1084 commemoravimus
909 1049 1011 1096 apud
1045 1048 1244 1086 Homerum
1280 1048 1465 1086 infinitivis
1501 1054 1588 1095 post
1617 1042 1713 1081 ὥστε
1741 1043 1792 1079 ita
1821 1039 2039 1089 exposuitz«

115 1116 194 1152 hier
226 1117 272 1152 ist
315 1113 412 1151 (ὅστε
449 1116 517 1151 wie
551 1126 659 1152 sonst
709 1118 770 1153 bei
810 1118 955 1154 Homer
991 1118 1451 1167 Vergleichungspartikel
1506 1116 1579 1152 und
1627 1116 1770 1150 νέεσθαι
1808 1107 2044 1147 unmittelbar

114 1199 156 1221 zu
185 1186 387 1226 ἐπέσσυται,
414 1186 586 1220 πιθέσθαι
616 1199 659 1221 zu
689 1190 834 1232 τηλίκος
861 1188 932 1234 εἰμί
957 1187 1023 1223 in’s
1053 1186 1284 1224 Verhaltniss
1314 1201 1356 1223 zu
1386 1194 1549 1223 setzen.‹

281 1239 371 1276 Post
400 1239 606 1276 Homerum
635 1250 759 1277 autem
788 1240 846 1278 ille
882 1256 968 1279 usus
1005 1242 1119 1290 longe
1152 1244 1301 1291 lateque
1335 1241 1556 1279 diffunditur.
1616 1237 1695 1276 Sed
1725 1246 1800 1273 tum
1829 1234 1942 1271 modo
1971 1232 2044 1269 infi-

118 1309 252 1345 nitivus
281 1309 315 1344 in
344 1322 448 1345 usum
477 1318 645 1352 vocatur,
677 1322 759 1346 cum
788 1311 974 1347 artissime
1012 1313 1129 1348 altera
1161 1324 1243 1348 cum
1278 1312 1397 1348 altera
1432 1309 1690 1347 enuntiatione
1729 1303 1944 1353 copulanda
1977 1311 2044 1342 est,

117 1387 155 1413 ut
172 1390 270 1425 quae
287 1387 491 1426 sequantur
508 1378 775 1427 subiungantur
791 1381 914 1427 potius
932 1393 1040 1428 quam
1058 1381 1311 1430 adiungantur.
1343 1381 1443 1416 Ante
1469 1380 1707 1415 indicativum
1722 1388 1813 1412 vero
1831 1374 2044 1419 Aeschylus

117 1447 211 1483 hanc
237 1449 360 1494 legem
382 1448 530 1483 sibimet
555 1448 634 1495 ipse
658 1449 842 1496 imposuit,
865 1459 903 1485 ut
924 1464 1073 1498 semper
1096 1449 1154 1493 ὠς,
1180 1464 1365 1498 nunquam
1389 1448 1485 1485 ὥστε
1508 1457 1673 1496 usurpet,
1698 1453 1783 1482 cu'm
1799 1445 1849 1481 ab
1866 1443 1945 1480 aliis
1963 1442 2045 1479 scri-

118 1516 286 1566 ptoribus
315 1516 388 1553 hae
413 1516 616 1566 particulae
643 1518 858 1566 promiscue
882 1520 1136 1557 adhibeantur.
1168 1518 1226 1563 Ὡς
1253 1520 1403 1569 quidem
1426 1519 1710 1556 consecutivum
1732 1528 1815 1552 cum
1842 1512 2047 1551 indicativo

118 1587 268 1622 omnino
293 1587 552 1623 consociatum
577 1597 635 1623 est
654 1589 784 1635 paucis
806 1598 946 1626 tantum
972 1590 1075 1631 locis,
1093 1603 1185 1637 quos
1203 1590 1391 1626 Wellauer
1406 1591 1442 1625 in
1457 1589 1580 1625 lexico
1596 1586 1816 1633 Aeschyleo
1834 1583 2045 1631 exscripsit,

121 1668 279 1706 quorum
304 1664 406 1693 certe
429 1669 521 1693 unus
547 1670 592 1694 ne
615 1666 673 1694 est
694 1657 844 1707 quidem
864 1659 900 1695 in
915 1659 985 1696 hoc
1003 1659 1134 1696 ordine
1164 1658 1395 1696 referendus.
1438 1658 1534 1696 Nam
1550 1657 1695 1695 etiamsi
1711 1669 1821 1693 unum
1837 1654 1959 1692 locum
1974 1653 2047 1690 huc

121 1727 291 1763 revocari
302 1739 420 1773 posse
437 1727 681 1762 concedimus
711 1728 827 1773 (Pers.
849 1732 923 1773 726
941 1729 999 1764 ed.
1021 1729 1132 1765 Dind.
1152 1728 1201 1771 (ὃς
1217 1731 1306 1764 ἰδεῖν
1323 1731 1426 1771 τέλος
1441 1731 1543 1776 κτλ),
1561 1738 1686 1764 tamen
1702 1726 1793 1762 alius
1811 1738 1923 1773 quem
1939 1724 2049 1759 affert

123 1794 229 1831 locus
257 1783 334 1831 non
362 1795 430 1831 sub
460 1796 507 1831 Vl
535 1794 659 1846 (nem
687 1797 911 1844 significans,
941 1811 1038 1846 quae
1076 1812 1122 1834 ex
1151 1797 1269 1834 altera
1305 1798 1480 1846 sequitur,
1510 1797 1572 1838 ita,
1604 1796 1687 1847 ut«)
1716 1796 1784 1832 sed
1813 1794 1881 1831 sub
1911 1793 1924 1829 I
1957 1795 2047 1841 (›ut,

122 1864 483 1912 quemadmodum«)
515 1866 787 1902 enumerandus
822 1876 921 1903 erat:
958 1867 1031 1915 Ag.
1073 1879 1146 1913 319
1176 1867 1305 1913 λόγους
1339 1866 1493 1902 ἀκοῦσαι
1522 1888 1571 1892 ff
1597 1865 1731 1911 θέλοιμ’
1759 1863 1815 1906 ἂν,
1843 1862 1895 1906 ὡς
1924 1864 2048 1909 λέγεις,

121 1933 241 1975 πάλιν,
268 1933 329 1968 ubi
358 1933 573 1969 Dindorfius
602 1947 670 1982 pro
699 1933 750 1977 ὡς
778 1935 981 1983 legendum
1012 1949 1098 1972 esse
1120 1945 1253 1972 censet
1279 1934 1351 1978 οὓς.
1410 1936 1447 1971 In
1475 1936 1622 1984 reliquis
1652 1943 1775 1969 autem
1804 1932 1898 1968 locis
1926 1931 2046 1981 (Pers.

127 2013 220 2050 7303
249 2003 369 2039 Prom.
406 2005 489 2050 156.
520 2003 594 2052 Ag.
627 2005 691 2051 38)
720 2004 942 2042 indicativus
978 2005 1113 2042 eadem
1150 2006 1196 2042 de
1234 2002 1349 2042 eausa
1384 2006 1530 2055 positus
1559 2014 1629 2044 est.
1660 2017 1734 2053 qua
1767 2002 1857 2039 alias
1886 2002 2047 2052 ponitur.

124 2081 162 2109 ut
189 2081 366 2121 quantum
394 2074 516 2121 possit
543 2075 695 2122 propria
728 2088 794 2111 sua
831 2076 864 2111 vi
902 2076 1128 2111 enuntiatum
1161 2076 1267 2124 quasi
1304 2076 1440 2112 nitatur
1478 2084 1591 2123 atque
1627 2084 1665 2110 ut
1694 2073 1812 2110 altera
1842 2086 1930 2121 pars
1959 2084 2046 2108 ean—

123 2142 211 2178 dem
239 2142 459 2192 dignitatem
488 2143 638 2185 habeat,
668 2157 778 2192 quam
806 2145 922 2180 habet
950 2144 1079 2181 altera.
1137 2144 1267 2191 Quare
1305 2144 1486 2196 eiusmodi
1515 2144 1742 2180 enuntiatum
1771 2144 1806 2178 in
1835 2154 2048 2178 sermonem

125 2211 294 2247 Latinum
336 2212 366 2247 si
407 2213 611 2249 transferre
652 2215 827 2255 volemus,
871 2227 916 2249 ex
958 2226 1030 2249 uno
1076 2214 1151 2250 duo
1195 2214 1321 2250 facere
1364 2213 1581 2262 praestabit,
1617 2223 1657 2249 ut
1701 2213 1874 2248 distincte
1909 2220 1948 2247 et
1981 2223 2049 2246 suo

124 2281 231 2330 quasi
258 2281 427 2329 pondere
453 2283 555 2331 quod
585 2284 751 2332 sequitur
779 2284 930 2320 eniteat.

289 2347 419 2384 Utrum
446 2360 536 2383 vero
579 2348 698 2385 nudus
732 2349 926 2385 infinitivus
961 2348 1197 2385 adhibendus
1232 2362 1280 2385 an
1317 2348 1368 2391 (ὃς
1405 2349 1437 2384 ei
1466 2348 1683 2384 addendum
1717 2348 1764 2384 sit
1792 2347 1944 2384 decerni
1975 2359 2051 2383 non

125 2425 272 2466 potest3
314 2416 390 2453 hoc
424 2416 544 2453 solum
579 2416 707 2454 dicere
744 2416 831 2455 licet
863 2417 1043 2466 particula
1083 2418 1258 2466 apposita
1293 2428 1455 2454 mentem
1498 2418 1547 2453 ad
1586 2418 1624 2454 id
1660 2416 1765 2465 quod
1801 2425 2052 2464 consequatur

125 2488 247 2536 magis
289 2488 397 2536 dirigi
434 2500 478 2523 ac
513 2488 742 2536 praeparari.
796 2487 902 2523 -Vere
938 2488 1014 2523 hoc
1050 2488 1187 2523 dictum
1224 2501 1308 2523 esse
1345 2496 1384 2523 ut
1419 2497 1675 2535 cognoscatur
1702 2487 1797 2523 haec
1825 2487 1859 2523 in
1888 2486 2051 2522 medium

125 2558 279 2606 profero
298 2557 487 2607 exempla:
508 2557 582 2606 Ag.
602 2558 762 2603 48211'3
778 2553 851 2593 (ὁδε
865 2557 1016 2600 παιδνὸς
1031 2556 1054 2603 ἢ
1080 2561 1229 2605 <poet-032¹
1266 2559 1486 2604 κεκομμένος
1512 2562 1515 2607 Ι
1543 2557 1677 2604 φλογὸς
1704 2558 1997 2605 παραγγέλμασιν
2023 2554 2028 2606 l

126 2636 222 2671 νεοῐς
261 2630 482 2677 πυρωθέντα
524 2629 674 2676 καρδίαν
704 2627 811 2664 ἔπειτ’
838 2626 843 2680 l
869 2626 1006 2676 ἀλλαγᾷ
1047 2627 1155 2675 λόγου
1184 2636 1332 2675 καμεῐι·;
1375 2627 1462 2674 Quo
1494 2640 1577 2664 cum
1610 2629 1696 2663 loco
1730 2626 1971 2664 conserantur
1997 2626 2050 2663 hi:
